order_id,product_id,unit_price,quantity,discount,_sdc_source_file,_sdc_source_file_mtime,_sdc_source_lineno
10248,11,14,12,0,data/order_details.csv,2023-04-26 11:34:21.629178+00:00,1
10248,42,9.8,10,0,data/order_details.csv,2023-04-26 11:34:21.629178+00:00,2
10248,72,34.8,5,0,data/order_details.csv,2023-04-26 11:34:21.629178+00:00,3
10249,14,18.6,9,0,data/order_details.csv,2023-04-26 11:34:21.629178+00:00,4
10249,51,42.4,40,0,data/order_details.csv,2023-04-26 11:34:21.629178+00:00,5
10250,41,7.7,10,0,data/order_details.csv,2023-04-26 11:34:21.629178+00:00,6
10250,51,42.4,35,0.15,data/order_details.csv,2023-04-26 11:34:21.629178+00:00,7
10250,65,16.8,15,0.15,data/order_details.csv,2023-04-26 11:34:21.629178+00:00,8
10251,22,16.8,6,0.05,data/order_details.csv,2023-04-26 11:34:21.629178+00:00,9
10251,57,15.6,15,0.05,data/order_details.csv,2023-04-26 11:34:21.629178+00:00,10
10251,65,16.8,20,0,data/order_details.csv,2023-04-26 11:34:21.629178+00:00,11
10252,20,64.8,40,0.05,data/order_details.csv,2023-04-26 11:34:21.629178+00:00,12
10252,33,2,25,0.05,data/order_details.csv,2023-04-26 11:34:21.629178+00:00,13
10252,60,27.2,40,0,data/order_details.csv,2023-04-26 11:34:21.629178+00:00,14
10253,31,10,20,0,data/order_details.csv,2023-04-26 11:34:21.629178+00:00,15
10253,39,14.4,42,0,data/order_details.csv,2023-04-26 11:34:21.629178+00:00,16
10253,49,16,40,0,data/order_details.csv,2023-04-26 11:34:21.629178+00:00,17
10254,24,3.6,15,0.15,data/order_details.csv,2023-04-26 11:34:21.629178+00:00,18
10254,55,19.2,21,0.15,data/order_details.csv,2023-04-26 11:34:21.629178+00:00,19
10254,74,8,21,0,data/order_details.csv,2023-04-26 11:34:21.629178+00:00,20
10255,2,15.2,20,0,data/order_details.csv,2023-04-26 11:34:21.629178+00:00,21
10255,16,13.9,35,0,data/order_details.csv,2023-04-26 11:34:21.629178+00:00,22
10255,36,15.2,25,0,data/order_details.csv,2023-04-26 11:34:21.629178+00:00,23
10255,59,44,30,0,data/order_details.csv,2023-04-26 11:34:21.629178+00:00,24
10256,53,26.2,15,0,data/order_details.csv,2023-04-26 11:34:21.629178+00:00,25
10256,77,10.4,12,0,data/order_details.csv,2023-04-26 11:34:21.629178+00:00,26
10257,27,35.1,25,0,data/order_details.csv,2023-04-26 11:34:21.629178+00:00,27
10257,39,14.4,6,0,data/order_details.csv,2023-04-26 11:34:21.629178+00:00,28
10257,77,10.4,15,0,data/order_details.csv,2023-04-26 11:34:21.629178+00:00,29
10258,2,15.2,50,0.2,data/order_details.csv,2023-04-26 11:34:21.629178+00:00,30
10258,5,17,65,0.2,data/order_details.csv,2023-04-26 11:34:21.629178+00:00,31
10258,32,25.6,6,0.2,data/order_details.csv,2023-04-26 11:34:21.629178+00:00,32
10259,21,8,10,0,data/order_details.csv,2023-04-26 11:34:21.629178+00:00,33
10259,37,20.8,1,0,data/order_details.csv,2023-04-26 11:34:21.629178+00:00,34
10260,41,7.7,16,0.25,data/order_details.csv,2023-04-26 11:34:21.629178+00:00,35
10260,57,15.6,50,0,data/order_details.csv,2023-04-26 11:34:21.629178+00:00,36
10260,62,39.4,15,0.25,data/order_details.csv,2023-04-26 11:34:21.629178+00:00,37
10260,70,12,21,0.25,data/order_details.csv,2023-04-26 11:34:21.629178+00:00,38
10261,21,8,20,0,data/order_details.csv,2023-04-26 11:34:21.629178+00:00,39
10261,35,14.4,20,0,data/order_details.csv,2023-04-26 11:34:21.629178+00:00,40
10262,5,17,12,0.2,data/order_details.csv,2023-04-26 11:34:21.629178+00:00,41
10262,7,24,15,0,data/order_details.csv,2023-04-26 11:34:21.629178+00:00,42
10262,56,30.4,2,0,data/order_details.csv,2023-04-26 11:34:21.629178+00:00,43
10263,16,13.9,60,0.25,data/order_details.csv,2023-04-26 11:34:21.629178+00:00,44
10263,24,3.6,28,0,data/order_details.csv,2023-04-26 11:34:21.629178+00:00,45
10263,30,20.7,60,0.25,data/order_details.csv,2023-04-26 11:34:21.629178+00:00,46
10263,74,8,36,0.25,data/order_details.csv,2023-04-26 11:34:21.629178+00:00,47
10264,2,15.2,35,0,data/order_details.csv,2023-04-26 11:34:21.629178+00:00,48
10264,41,7.7,25,0.15,data/order_details.csv,2023-04-26 11:34:21.629178+00:00,49
10265,17,31.2,30,0,data/order_details.csv,2023-04-26 11:34:21.629178+00:00,50
10265,70,12,20,0,data/order_details.csv,2023-04-26 11:34:21.629178+00:00,51
10266,12,30.4,12,0.05,data/order_details.csv,2023-04-26 11:34:21.629178+00:00,52
10267,40,14.7,50,0,data/order_details.csv,2023-04-26 11:34:21.629178+00:00,53
10267,59,44,70,0.15,data/order_details.csv,2023-04-26 11:34:21.629178+00:00,54
10267,76,14.4,15,0.15,data/order_details.csv,2023-04-26 11:34:21.629178+00:00,55
10268,29,99,10,0,data/order_details.csv,2023-04-26 11:34:21.629178+00:00,56
10268,72,27.8,4,0,data/order_details.csv,2023-04-26 11:34:21.629178+00:00,57
10269,33,2,60,0.05,data/order_details.csv,2023-04-26 11:34:21.629178+00:00,58
10269,72,27.8,20,0.05,data/order_details.csv,2023-04-26 11:34:21.629178+00:00,59
10270,36,15.2,30,0,data/order_details.csv,2023-04-26 11:34:21.629178+00:00,60
10270,43,36.8,25,0,data/order_details.csv,2023-04-26 11:34:21.629178+00:00,61
10271,33,2,24,0,data/order_details.csv,2023-04-26 11:34:21.629178+00:00,62
10272,20,64.8,6,0,data/order_details.csv,2023-04-26 11:34:21.629178+00:00,63
10272,31,10,40,0,data/order_details.csv,2023-04-26 11:34:21.629178+00:00,64
10272,72,27.8,24,0,data/order_details.csv,2023-04-26 11:34:21.629178+00:00,65
10273,10,24.8,24,0.05,data/order_details.csv,2023-04-26 11:34:21.629178+00:00,66
10273,31,10,15,0.05,data/order_details.csv,2023-04-26 11:34:21.629178+00:00,67
10273,33,2,20,0,data/order_details.csv,2023-04-26 11:34:21.629178+00:00,68
10273,40,14.7,60,0.05,data/order_details.csv,2023-04-26 11:34:21.629178+00:00,69
10273,76,14.4,33,0.05,data/order_details.csv,2023-04-26 11:34:21.629178+00:00,70
10274,71,17.2,20,0,data/order_details.csv,2023-04-26 11:34:21.629178+00:00,71
10274,72,27.8,7,0,data/order_details.csv,2023-04-26 11:34:21.629178+00:00,72
10275,24,3.6,12,0.05,data/order_details.csv,2023-04-26 11:34:21.629178+00:00,73
10275,59,44,6,0.05,data/order_details.csv,2023-04-26 11:34:21.629178+00:00,74
10276,10,24.8,15,0,data/order_details.csv,2023-04-26 11:34:21.629178+00:00,75
10276,13,4.8,10,0,data/order_details.csv,2023-04-26 11:34:21.629178+00:00,76
10277,28,36.4,20,0,data/order_details.csv,2023-04-26 11:34:21.629178+00:00,77
10277,62,39.4,12,0,data/order_details.csv,2023-04-26 11:34:21.629178+00:00,78
10278,44,15.5,16,0,data/order_details.csv,2023-04-26 11:34:21.629178+00:00,79
10278,59,44,15,0,data/order_details.csv,2023-04-26 11:34:21.629178+00:00,80
10278,63,35.1,8,0,data/order_details.csv,2023-04-26 11:34:21.629178+00:00,81
10278,73,12,25,0,data/order_details.csv,2023-04-26 11:34:21.629178+00:00,82
10279,17,31.2,15,0.25,data/order_details.csv,2023-04-26 11:34:21.629178+00:00,83
10280,24,3.6,12,0,data/order_details.csv,2023-04-26 11:34:21.629178+00:00,84
10280,55,19.2,20,0,data/order_details.csv,2023-04-26 11:34:21.629178+00:00,85
10280,75,6.2,30,0,data/order_details.csv,2023-04-26 11:34:21.629178+00:00,86
10281,19,7.3,1,0,data/order_details.csv,2023-04-26 11:34:21.629178+00:00,87
10281,24,3.6,6,0,data/order_details.csv,2023-04-26 11:34:21.629178+00:00,88
10281,35,14.4,4,0,data/order_details.csv,2023-04-26 11:34:21.629178+00:00,89
10282,30,20.7,6,0,data/order_details.csv,2023-04-26 11:34:21.629178+00:00,90
10282,57,15.6,2,0,data/order_details.csv,2023-04-26 11:34:21.629178+00:00,91
10283,15,12.4,20,0,data/order_details.csv,2023-04-26 11:34:21.629178+00:00,92
10283,19,7.3,18,0,data/order_details.csv,2023-04-26 11:34:21.629178+00:00,93
10283,60,27.2,35,0,data/order_details.csv,2023-04-26 11:34:21.629178+00:00,94
10283,72,27.8,3,0,data/order_details.csv,2023-04-26 11:34:21.629178+00:00,95
10284,27,35.1,15,0.25,data/order_details.csv,2023-04-26 11:34:21.629178+00:00,96
10284,44,15.5,21,0,data/order_details.csv,2023-04-26 11:34:21.629178+00:00,97
10284,60,27.2,20,0.25,data/order_details.csv,2023-04-26 11:34:21.629178+00:00,98
10284,67,11.2,5,0.25,data/order_details.csv,2023-04-26 11:34:21.629178+00:00,99
10285,1,14.4,45,0.2,data/order_details.csv,2023-04-26 11:34:21.629178+00:00,100
10285,40,14.7,40,0.2,data/order_details.csv,2023-04-26 11:34:21.629178+00:00,101
10285,53,26.2,36,0.2,data/order_details.csv,2023-04-26 11:34:21.629178+00:00,102
10286,35,14.4,100,0,data/order_details.csv,2023-04-26 11:34:21.629178+00:00,103
10286,62,39.4,40,0,data/order_details.csv,2023-04-26 11:34:21.629178+00:00,104
10287,16,13.9,40,0.15,data/order_details.csv,2023-04-26 11:34:21.629178+00:00,105
10287,34,11.2,20,0,data/order_details.csv,2023-04-26 11:34:21.629178+00:00,106
10287,46,9.6,15,0.15,data/order_details.csv,2023-04-26 11:34:21.629178+00:00,107
10288,54,5.9,10,0.1,data/order_details.csv,2023-04-26 11:34:21.629178+00:00,108
10288,68,10,3,0.1,data/order_details.csv,2023-04-26 11:34:21.629178+00:00,109
10289,3,8,30,0,data/order_details.csv,2023-04-26 11:34:21.629178+00:00,110
10289,64,26.6,9,0,data/order_details.csv,2023-04-26 11:34:21.629178+00:00,111
10290,5,17,20,0,data/order_details.csv,2023-04-26 11:34:21.629178+00:00,112
10290,29,99,15,0,data/order_details.csv,2023-04-26 11:34:21.629178+00:00,113
10290,49,16,15,0,data/order_details.csv,2023-04-26 11:34:21.629178+00:00,114
10290,77,10.4,10,0,data/order_details.csv,2023-04-26 11:34:21.629178+00:00,115
10291,13,4.8,20,0.1,data/order_details.csv,2023-04-26 11:34:21.629178+00:00,116
10291,44,15.5,24,0.1,data/order_details.csv,2023-04-26 11:34:21.629178+00:00,117
10291,51,42.4,2,0.1,data/order_details.csv,2023-04-26 11:34:21.629178+00:00,118
10292,20,64.8,20,0,data/order_details.csv,2023-04-26 11:34:21.629178+00:00,119
10293,18,50,12,0,data/order_details.csv,2023-04-26 11:34:21.629178+00:00,120
10293,24,3.6,10,0,data/order_details.csv,2023-04-26 11:34:21.629178+00:00,121
10293,63,35.1,5,0,data/order_details.csv,2023-04-26 11:34:21.629178+00:00,122
10293,75,6.2,6,0,data/order_details.csv,2023-04-26 11:34:21.629178+00:00,123
10294,1,14.4,18,0,data/order_details.csv,2023-04-26 11:34:21.629178+00:00,124
10294,17,31.2,15,0,data/order_details.csv,2023-04-26 11:34:21.629178+00:00,125
10294,43,36.8,15,0,data/order_details.csv,2023-04-26 11:34:21.629178+00:00,126
10294,60,27.2,21,0,data/order_details.csv,2023-04-26 11:34:21.629178+00:00,127
10294,75,6.2,6,0,data/order_details.csv,2023-04-26 11:34:21.629178+00:00,128
10295,56,30.4,4,0,data/order_details.csv,2023-04-26 11:34:21.629178+00:00,129
10296,11,16.8,12,0,data/order_details.csv,2023-04-26 11:34:21.629178+00:00,130
10296,16,13.9,30,0,data/order_details.csv,2023-04-26 11:34:21.629178+00:00,131
10296,69,28.8,15,0,data/order_details.csv,2023-04-26 11:34:21.629178+00:00,132
10297,39,14.4,60,0,data/order_details.csv,2023-04-26 11:34:21.629178+00:00,133
10297,72,27.8,20,0,data/order_details.csv,2023-04-26 11:34:21.629178+00:00,134
10298,2,15.2,40,0,data/order_details.csv,2023-04-26 11:34:21.629178+00:00,135
10298,36,15.2,40,0.25,data/order_details.csv,2023-04-26 11:34:21.629178+00:00,136
10298,59,44,30,0.25,data/order_details.csv,2023-04-26 11:34:21.629178+00:00,137
10298,62,39.4,15,0,data/order_details.csv,2023-04-26 11:34:21.629178+00:00,138
10299,19,7.3,15,0,data/order_details.csv,2023-04-26 11:34:21.629178+00:00,139
10299,70,12,20,0,data/order_details.csv,2023-04-26 11:34:21.629178+00:00,140
10300,66,13.6,30,0,data/order_details.csv,2023-04-26 11:34:21.629178+00:00,141
10300,68,10,20,0,data/order_details.csv,2023-04-26 11:34:21.629178+00:00,142
10301,40,14.7,10,0,data/order_details.csv,2023-04-26 11:34:21.629178+00:00,143
10301,56,30.4,20,0,data/order_details.csv,2023-04-26 11:34:21.629178+00:00,144
10302,17,31.2,40,0,data/order_details.csv,2023-04-26 11:34:21.629178+00:00,145
10302,28,36.4,28,0,data/order_details.csv,2023-04-26 11:34:21.629178+00:00,146
10302,43,36.8,12,0,data/order_details.csv,2023-04-26 11:34:21.629178+00:00,147
10303,40,14.7,40,0.1,data/order_details.csv,2023-04-26 11:34:21.629178+00:00,148
10303,65,16.8,30,0.1,data/order_details.csv,2023-04-26 11:34:21.629178+00:00,149
10303,68,10,15,0.1,data/order_details.csv,2023-04-26 11:34:21.629178+00:00,150
10304,49,16,30,0,data/order_details.csv,2023-04-26 11:34:21.629178+00:00,151
10304,59,44,10,0,data/order_details.csv,2023-04-26 11:34:21.629178+00:00,152
10304,71,17.2,2,0,data/order_details.csv,2023-04-26 11:34:21.629178+00:00,153
10305,18,50,25,0.1,data/order_details.csv,2023-04-26 11:34:21.629178+00:00,154
10305,29,99,25,0.1,data/order_details.csv,2023-04-26 11:34:21.629178+00:00,155
10305,39,14.4,30,0.1,data/order_details.csv,2023-04-26 11:34:21.629178+00:00,156
10306,30,20.7,10,0,data/order_details.csv,2023-04-26 11:34:21.629178+00:00,157
10306,53,26.2,10,0,data/order_details.csv,2023-04-26 11:34:21.629178+00:00,158
10306,54,5.9,5,0,data/order_details.csv,2023-04-26 11:34:21.629178+00:00,159
10307,62,39.4,10,0,data/order_details.csv,2023-04-26 11:34:21.629178+00:00,160
10307,68,10,3,0,data/order_details.csv,2023-04-26 11:34:21.629178+00:00,161
10308,69,28.8,1,0,data/order_details.csv,2023-04-26 11:34:21.629178+00:00,162
10308,70,12,5,0,data/order_details.csv,2023-04-26 11:34:21.629178+00:00,163
10309,4,17.6,20,0,data/order_details.csv,2023-04-26 11:34:21.629178+00:00,164
10309,6,20,30,0,data/order_details.csv,2023-04-26 11:34:21.629178+00:00,165
10309,42,11.2,2,0,data/order_details.csv,2023-04-26 11:34:21.629178+00:00,166
10309,43,36.8,20,0,data/order_details.csv,2023-04-26 11:34:21.629178+00:00,167
10309,71,17.2,3,0,data/order_details.csv,2023-04-26 11:34:21.629178+00:00,168
10310,16,13.9,10,0,data/order_details.csv,2023-04-26 11:34:21.629178+00:00,169
10310,62,39.4,5,0,data/order_details.csv,2023-04-26 11:34:21.629178+00:00,170
10311,42,11.2,6,0,data/order_details.csv,2023-04-26 11:34:21.629178+00:00,171
10311,69,28.8,7,0,data/order_details.csv,2023-04-26 11:34:21.629178+00:00,172
10312,28,36.4,4,0,data/order_details.csv,2023-04-26 11:34:21.629178+00:00,173
10312,43,36.8,24,0,data/order_details.csv,2023-04-26 11:34:21.629178+00:00,174
10312,53,26.2,20,0,data/order_details.csv,2023-04-26 11:34:21.629178+00:00,175
10312,75,6.2,10,0,data/order_details.csv,2023-04-26 11:34:21.629178+00:00,176
10313,36,15.2,12,0,data/order_details.csv,2023-04-26 11:34:21.629178+00:00,177
10314,32,25.6,40,0.1,data/order_details.csv,2023-04-26 11:34:21.629178+00:00,178
10314,58,10.6,30,0.1,data/order_details.csv,2023-04-26 11:34:21.629178+00:00,179
10314,62,39.4,25,0.1,data/order_details.csv,2023-04-26 11:34:21.629178+00:00,180
10315,34,11.2,14,0,data/order_details.csv,2023-04-26 11:34:21.629178+00:00,181
10315,70,12,30,0,data/order_details.csv,2023-04-26 11:34:21.629178+00:00,182
10316,41,7.7,10,0,data/order_details.csv,2023-04-26 11:34:21.629178+00:00,183
10316,62,39.4,70,0,data/order_details.csv,2023-04-26 11:34:21.629178+00:00,184
10317,1,14.4,20,0,data/order_details.csv,2023-04-26 11:34:21.629178+00:00,185
10318,41,7.7,20,0,data/order_details.csv,2023-04-26 11:34:21.629178+00:00,186
10318,76,14.4,6,0,data/order_details.csv,2023-04-26 11:34:21.629178+00:00,187
10319,17,31.2,8,0,data/order_details.csv,2023-04-26 11:34:21.629178+00:00,188
10319,28,36.4,14,0,data/order_details.csv,2023-04-26 11:34:21.629178+00:00,189
10319,76,14.4,30,0,data/order_details.csv,2023-04-26 11:34:21.629178+00:00,190
10320,71,17.2,30,0,data/order_details.csv,2023-04-26 11:34:21.629178+00:00,191
10321,35,14.4,10,0,data/order_details.csv,2023-04-26 11:34:21.629178+00:00,192
10322,52,5.6,20,0,data/order_details.csv,2023-04-26 11:34:21.629178+00:00,193
10323,15,12.4,5,0,data/order_details.csv,2023-04-26 11:34:21.629178+00:00,194
10323,25,11.2,4,0,data/order_details.csv,2023-04-26 11:34:21.629178+00:00,195
10323,39,14.4,4,0,data/order_details.csv,2023-04-26 11:34:21.629178+00:00,196
10324,16,13.9,21,0.15,data/order_details.csv,2023-04-26 11:34:21.629178+00:00,197
10324,35,14.4,70,0.15,data/order_details.csv,2023-04-26 11:34:21.629178+00:00,198
10324,46,9.6,30,0,data/order_details.csv,2023-04-26 11:34:21.629178+00:00,199
10324,59,44,40,0.15,data/order_details.csv,2023-04-26 11:34:21.629178+00:00,200
10324,63,35.1,80,0.15,data/order_details.csv,2023-04-26 11:34:21.629178+00:00,201
10325,6,20,6,0,data/order_details.csv,2023-04-26 11:34:21.629178+00:00,202
10325,13,4.8,12,0,data/order_details.csv,2023-04-26 11:34:21.629178+00:00,203
10325,14,18.6,9,0,data/order_details.csv,2023-04-26 11:34:21.629178+00:00,204
10325,31,10,4,0,data/order_details.csv,2023-04-26 11:34:21.629178+00:00,205
10325,72,27.8,40,0,data/order_details.csv,2023-04-26 11:34:21.629178+00:00,206
10326,4,17.6,24,0,data/order_details.csv,2023-04-26 11:34:21.629178+00:00,207
10326,57,15.6,16,0,data/order_details.csv,2023-04-26 11:34:21.629178+00:00,208
10326,75,6.2,50,0,data/order_details.csv,2023-04-26 11:34:21.629178+00:00,209
10327,2,15.2,25,0.2,data/order_details.csv,2023-04-26 11:34:21.629178+00:00,210
10327,11,16.8,50,0.2,data/order_details.csv,2023-04-26 11:34:21.629178+00:00,211
10327,30,20.7,35,0.2,data/order_details.csv,2023-04-26 11:34:21.629178+00:00,212
10327,58,10.6,30,0.2,data/order_details.csv,2023-04-26 11:34:21.629178+00:00,213
10328,59,44,9,0,data/order_details.csv,2023-04-26 11:34:21.629178+00:00,214
10328,65,16.8,40,0,data/order_details.csv,2023-04-26 11:34:21.629178+00:00,215
10328,68,10,10,0,data/order_details.csv,2023-04-26 11:34:21.629178+00:00,216
10329,19,7.3,10,0.05,data/order_details.csv,2023-04-26 11:34:21.629178+00:00,217
10329,30,20.7,8,0.05,data/order_details.csv,2023-04-26 11:34:21.629178+00:00,218
10329,38,210.8,20,0.05,data/order_details.csv,2023-04-26 11:34:21.629178+00:00,219
10329,56,30.4,12,0.05,data/order_details.csv,2023-04-26 11:34:21.629178+00:00,220
10330,26,24.9,50,0.15,data/order_details.csv,2023-04-26 11:34:21.629178+00:00,221
10330,72,27.8,25,0.15,data/order_details.csv,2023-04-26 11:34:21.629178+00:00,222
10331,54,5.9,15,0,data/order_details.csv,2023-04-26 11:34:21.629178+00:00,223
10332,18,50,40,0.2,data/order_details.csv,2023-04-26 11:34:21.629178+00:00,224
10332,42,11.2,10,0.2,data/order_details.csv,2023-04-26 11:34:21.629178+00:00,225
10332,47,7.6,16,0.2,data/order_details.csv,2023-04-26 11:34:21.629178+00:00,226
10333,14,18.6,10,0,data/order_details.csv,2023-04-26 11:34:21.629178+00:00,227
10333,21,8,10,0.1,data/order_details.csv,2023-04-26 11:34:21.629178+00:00,228
10333,71,17.2,40,0.1,data/order_details.csv,2023-04-26 11:34:21.629178+00:00,229
10334,52,5.6,8,0,data/order_details.csv,2023-04-26 11:34:21.629178+00:00,230
10334,68,10,10,0,data/order_details.csv,2023-04-26 11:34:21.629178+00:00,231
10335,2,15.2,7,0.2,data/order_details.csv,2023-04-26 11:34:21.629178+00:00,232
10335,31,10,25,0.2,data/order_details.csv,2023-04-26 11:34:21.629178+00:00,233
10335,32,25.6,6,0.2,data/order_details.csv,2023-04-26 11:34:21.629178+00:00,234
10335,51,42.4,48,0.2,data/order_details.csv,2023-04-26 11:34:21.629178+00:00,235
10336,4,17.6,18,0.1,data/order_details.csv,2023-04-26 11:34:21.629178+00:00,236
10337,23,7.2,40,0,data/order_details.csv,2023-04-26 11:34:21.629178+00:00,237
10337,26,24.9,24,0,data/order_details.csv,2023-04-26 11:34:21.629178+00:00,238
10337,36,15.2,20,0,data/order_details.csv,2023-04-26 11:34:21.629178+00:00,239
10337,37,20.8,28,0,data/order_details.csv,2023-04-26 11:34:21.629178+00:00,240
10337,72,27.8,25,0,data/order_details.csv,2023-04-26 11:34:21.629178+00:00,241
10338,17,31.2,20,0,data/order_details.csv,2023-04-26 11:34:21.629178+00:00,242
10338,30,20.7,15,0,data/order_details.csv,2023-04-26 11:34:21.629178+00:00,243
10339,4,17.6,10,0,data/order_details.csv,2023-04-26 11:34:21.629178+00:00,244
10339,17,31.2,70,0.05,data/order_details.csv,2023-04-26 11:34:21.629178+00:00,245
10339,62,39.4,28,0,data/order_details.csv,2023-04-26 11:34:21.629178+00:00,246
10340,18,50,20,0.05,data/order_details.csv,2023-04-26 11:34:21.629178+00:00,247
10340,41,7.7,12,0.05,data/order_details.csv,2023-04-26 11:34:21.629178+00:00,248
10340,43,36.8,40,0.05,data/order_details.csv,2023-04-26 11:34:21.629178+00:00,249
10341,33,2,8,0,data/order_details.csv,2023-04-26 11:34:21.629178+00:00,250
10341,59,44,9,0.15,data/order_details.csv,2023-04-26 11:34:21.629178+00:00,251
10342,2,15.2,24,0.2,data/order_details.csv,2023-04-26 11:34:21.629178+00:00,252
10342,31,10,56,0.2,data/order_details.csv,2023-04-26 11:34:21.629178+00:00,253
10342,36,15.2,40,0.2,data/order_details.csv,2023-04-26 11:34:21.629178+00:00,254
10342,55,19.2,40,0.2,data/order_details.csv,2023-04-26 11:34:21.629178+00:00,255
10343,64,26.6,50,0,data/order_details.csv,2023-04-26 11:34:21.629178+00:00,256
10343,68,10,4,0.05,data/order_details.csv,2023-04-26 11:34:21.629178+00:00,257
10343,76,14.4,15,0,data/order_details.csv,2023-04-26 11:34:21.629178+00:00,258
10344,4,17.6,35,0,data/order_details.csv,2023-04-26 11:34:21.629178+00:00,259
10344,8,32,70,0.25,data/order_details.csv,2023-04-26 11:34:21.629178+00:00,260
10345,8,32,70,0,data/order_details.csv,2023-04-26 11:34:21.629178+00:00,261
10345,19,7.3,80,0,data/order_details.csv,2023-04-26 11:34:21.629178+00:00,262
10345,42,11.2,9,0,data/order_details.csv,2023-04-26 11:34:21.629178+00:00,263
10346,17,31.2,36,0.1,data/order_details.csv,2023-04-26 11:34:21.629178+00:00,264
10346,56,30.4,20,0,data/order_details.csv,2023-04-26 11:34:21.629178+00:00,265
10347,25,11.2,10,0,data/order_details.csv,2023-04-26 11:34:21.629178+00:00,266
10347,39,14.4,50,0.15,data/order_details.csv,2023-04-26 11:34:21.629178+00:00,267
10347,40,14.7,4,0,data/order_details.csv,2023-04-26 11:34:21.629178+00:00,268
10347,75,6.2,6,0.15,data/order_details.csv,2023-04-26 11:34:21.629178+00:00,269
10348,1,14.4,15,0.15,data/order_details.csv,2023-04-26 11:34:21.629178+00:00,270
10348,23,7.2,25,0,data/order_details.csv,2023-04-26 11:34:21.629178+00:00,271
10349,54,5.9,24,0,data/order_details.csv,2023-04-26 11:34:21.629178+00:00,272
10350,50,13,15,0.1,data/order_details.csv,2023-04-26 11:34:21.629178+00:00,273
10350,69,28.8,18,0.1,data/order_details.csv,2023-04-26 11:34:21.629178+00:00,274
10351,38,210.8,20,0.05,data/order_details.csv,2023-04-26 11:34:21.629178+00:00,275
10351,41,7.7,13,0,data/order_details.csv,2023-04-26 11:34:21.629178+00:00,276
10351,44,15.5,77,0.05,data/order_details.csv,2023-04-26 11:34:21.629178+00:00,277
10351,65,16.8,10,0.05,data/order_details.csv,2023-04-26 11:34:21.629178+00:00,278
10352,24,3.6,10,0,data/order_details.csv,2023-04-26 11:34:21.629178+00:00,279
10352,54,5.9,20,0.15,data/order_details.csv,2023-04-26 11:34:21.629178+00:00,280
10353,11,16.8,12,0.2,data/order_details.csv,2023-04-26 11:34:21.629178+00:00,281
10353,38,210.8,50,0.2,data/order_details.csv,2023-04-26 11:34:21.629178+00:00,282
10354,1,14.4,12,0,data/order_details.csv,2023-04-26 11:34:21.629178+00:00,283
10354,29,99,4,0,data/order_details.csv,2023-04-26 11:34:21.629178+00:00,284
10355,24,3.6,25,0,data/order_details.csv,2023-04-26 11:34:21.629178+00:00,285
10355,57,15.6,25,0,data/order_details.csv,2023-04-26 11:34:21.629178+00:00,286
10356,31,10,30,0,data/order_details.csv,2023-04-26 11:34:21.629178+00:00,287
10356,55,19.2,12,0,data/order_details.csv,2023-04-26 11:34:21.629178+00:00,288
10356,69,28.8,20,0,data/order_details.csv,2023-04-26 11:34:21.629178+00:00,289
10357,10,24.8,30,0.2,data/order_details.csv,2023-04-26 11:34:21.629178+00:00,290
10357,26,24.9,16,0,data/order_details.csv,2023-04-26 11:34:21.629178+00:00,291
10357,60,27.2,8,0.2,data/order_details.csv,2023-04-26 11:34:21.629178+00:00,292
10358,24,3.6,10,0.05,data/order_details.csv,2023-04-26 11:34:21.629178+00:00,293
10358,34,11.2,10,0.05,data/order_details.csv,2023-04-26 11:34:21.629178+00:00,294
10358,36,15.2,20,0.05,data/order_details.csv,2023-04-26 11:34:21.629178+00:00,295
10359,16,13.9,56,0.05,data/order_details.csv,2023-04-26 11:34:21.629178+00:00,296
10359,31,10,70,0.05,data/order_details.csv,2023-04-26 11:34:21.629178+00:00,297
10359,60,27.2,80,0.05,data/order_details.csv,2023-04-26 11:34:21.629178+00:00,298
10360,28,36.4,30,0,data/order_details.csv,2023-04-26 11:34:21.629178+00:00,299
10360,29,99,35,0,data/order_details.csv,2023-04-26 11:34:21.629178+00:00,300
10360,38,210.8,10,0,data/order_details.csv,2023-04-26 11:34:21.629178+00:00,301
10360,49,16,35,0,data/order_details.csv,2023-04-26 11:34:21.629178+00:00,302
10360,54,5.9,28,0,data/order_details.csv,2023-04-26 11:34:21.629178+00:00,303
10361,39,14.4,54,0.1,data/order_details.csv,2023-04-26 11:34:21.629178+00:00,304
10361,60,27.2,55,0.1,data/order_details.csv,2023-04-26 11:34:21.629178+00:00,305
10362,25,11.2,50,0,data/order_details.csv,2023-04-26 11:34:21.629178+00:00,306
10362,51,42.4,20,0,data/order_details.csv,2023-04-26 11:34:21.629178+00:00,307
10362,54,5.9,24,0,data/order_details.csv,2023-04-26 11:34:21.629178+00:00,308
10363,31,10,20,0,data/order_details.csv,2023-04-26 11:34:21.629178+00:00,309
10363,75,6.2,12,0,data/order_details.csv,2023-04-26 11:34:21.629178+00:00,310
10363,76,14.4,12,0,data/order_details.csv,2023-04-26 11:34:21.629178+00:00,311
10364,69,28.8,30,0,data/order_details.csv,2023-04-26 11:34:21.629178+00:00,312
10364,71,17.2,5,0,data/order_details.csv,2023-04-26 11:34:21.629178+00:00,313
10365,11,16.8,24,0,data/order_details.csv,2023-04-26 11:34:21.629178+00:00,314
10366,65,16.8,5,0,data/order_details.csv,2023-04-26 11:34:21.629178+00:00,315
10366,77,10.4,5,0,data/order_details.csv,2023-04-26 11:34:21.629178+00:00,316
10367,34,11.2,36,0,data/order_details.csv,2023-04-26 11:34:21.629178+00:00,317
10367,54,5.9,18,0,data/order_details.csv,2023-04-26 11:34:21.629178+00:00,318
10367,65,16.8,15,0,data/order_details.csv,2023-04-26 11:34:21.629178+00:00,319
10367,77,10.4,7,0,data/order_details.csv,2023-04-26 11:34:21.629178+00:00,320
10368,21,8,5,0.1,data/order_details.csv,2023-04-26 11:34:21.629178+00:00,321
10368,28,36.4,13,0.1,data/order_details.csv,2023-04-26 11:34:21.629178+00:00,322
10368,57,15.6,25,0,data/order_details.csv,2023-04-26 11:34:21.629178+00:00,323
10368,64,26.6,35,0.1,data/order_details.csv,2023-04-26 11:34:21.629178+00:00,324
10369,29,99,20,0,data/order_details.csv,2023-04-26 11:34:21.629178+00:00,325
10369,56,30.4,18,0.25,data/order_details.csv,2023-04-26 11:34:21.629178+00:00,326
10370,1,14.4,15,0.15,data/order_details.csv,2023-04-26 11:34:21.629178+00:00,327
10370,64,26.6,30,0,data/order_details.csv,2023-04-26 11:34:21.629178+00:00,328
10370,74,8,20,0.15,data/order_details.csv,2023-04-26 11:34:21.629178+00:00,329
10371,36,15.2,6,0.2,data/order_details.csv,2023-04-26 11:34:21.629178+00:00,330
10372,20,64.8,12,0.25,data/order_details.csv,2023-04-26 11:34:21.629178+00:00,331
10372,38,210.8,40,0.25,data/order_details.csv,2023-04-26 11:34:21.629178+00:00,332
10372,60,27.2,70,0.25,data/order_details.csv,2023-04-26 11:34:21.629178+00:00,333
10372,72,27.8,42,0.25,data/order_details.csv,2023-04-26 11:34:21.629178+00:00,334
10373,58,10.6,80,0.2,data/order_details.csv,2023-04-26 11:34:21.629178+00:00,335
10373,71,17.2,50,0.2,data/order_details.csv,2023-04-26 11:34:21.629178+00:00,336
10374,31,10,30,0,data/order_details.csv,2023-04-26 11:34:21.629178+00:00,337
10374,58,10.6,15,0,data/order_details.csv,2023-04-26 11:34:21.629178+00:00,338
10375,14,18.6,15,0,data/order_details.csv,2023-04-26 11:34:21.629178+00:00,339
10375,54,5.9,10,0,data/order_details.csv,2023-04-26 11:34:21.629178+00:00,340
10376,31,10,42,0.05,data/order_details.csv,2023-04-26 11:34:21.629178+00:00,341
10377,28,36.4,20,0.15,data/order_details.csv,2023-04-26 11:34:21.629178+00:00,342
10377,39,14.4,20,0.15,data/order_details.csv,2023-04-26 11:34:21.629178+00:00,343
10378,71,17.2,6,0,data/order_details.csv,2023-04-26 11:34:21.629178+00:00,344
10379,41,7.7,8,0.1,data/order_details.csv,2023-04-26 11:34:21.629178+00:00,345
10379,63,35.1,16,0.1,data/order_details.csv,2023-04-26 11:34:21.629178+00:00,346
10379,65,16.8,20,0.1,data/order_details.csv,2023-04-26 11:34:21.629178+00:00,347
10380,30,20.7,18,0.1,data/order_details.csv,2023-04-26 11:34:21.629178+00:00,348
10380,53,26.2,20,0.1,data/order_details.csv,2023-04-26 11:34:21.629178+00:00,349
10380,60,27.2,6,0.1,data/order_details.csv,2023-04-26 11:34:21.629178+00:00,350
10380,70,12,30,0,data/order_details.csv,2023-04-26 11:34:21.629178+00:00,351
10381,74,8,14,0,data/order_details.csv,2023-04-26 11:34:21.629178+00:00,352
10382,5,17,32,0,data/order_details.csv,2023-04-26 11:34:21.629178+00:00,353
10382,18,50,9,0,data/order_details.csv,2023-04-26 11:34:21.629178+00:00,354
10382,29,99,14,0,data/order_details.csv,2023-04-26 11:34:21.629178+00:00,355
10382,33,2,60,0,data/order_details.csv,2023-04-26 11:34:21.629178+00:00,356
10382,74,8,50,0,data/order_details.csv,2023-04-26 11:34:21.629178+00:00,357
10383,13,4.8,20,0,data/order_details.csv,2023-04-26 11:34:21.629178+00:00,358
10383,50,13,15,0,data/order_details.csv,2023-04-26 11:34:21.629178+00:00,359
10383,56,30.4,20,0,data/order_details.csv,2023-04-26 11:34:21.629178+00:00,360
10384,20,64.8,28,0,data/order_details.csv,2023-04-26 11:34:21.629178+00:00,361
10384,60,27.2,15,0,data/order_details.csv,2023-04-26 11:34:21.629178+00:00,362
10385,7,24,10,0.2,data/order_details.csv,2023-04-26 11:34:21.629178+00:00,363
10385,60,27.2,20,0.2,data/order_details.csv,2023-04-26 11:34:21.629178+00:00,364
10385,68,10,8,0.2,data/order_details.csv,2023-04-26 11:34:21.629178+00:00,365
10386,24,3.6,15,0,data/order_details.csv,2023-04-26 11:34:21.629178+00:00,366
10386,34,11.2,10,0,data/order_details.csv,2023-04-26 11:34:21.629178+00:00,367
10387,24,3.6,15,0,data/order_details.csv,2023-04-26 11:34:21.629178+00:00,368
10387,28,36.4,6,0,data/order_details.csv,2023-04-26 11:34:21.629178+00:00,369
10387,59,44,12,0,data/order_details.csv,2023-04-26 11:34:21.629178+00:00,370
10387,71,17.2,15,0,data/order_details.csv,2023-04-26 11:34:21.629178+00:00,371
10388,45,7.6,15,0.2,data/order_details.csv,2023-04-26 11:34:21.629178+00:00,372
10388,52,5.6,20,0.2,data/order_details.csv,2023-04-26 11:34:21.629178+00:00,373
10388,53,26.2,40,0,data/order_details.csv,2023-04-26 11:34:21.629178+00:00,374
10389,10,24.8,16,0,data/order_details.csv,2023-04-26 11:34:21.629178+00:00,375
10389,55,19.2,15,0,data/order_details.csv,2023-04-26 11:34:21.629178+00:00,376
10389,62,39.4,20,0,data/order_details.csv,2023-04-26 11:34:21.629178+00:00,377
10389,70,12,30,0,data/order_details.csv,2023-04-26 11:34:21.629178+00:00,378
10390,31,10,60,0.1,data/order_details.csv,2023-04-26 11:34:21.629178+00:00,379
10390,35,14.4,40,0.1,data/order_details.csv,2023-04-26 11:34:21.629178+00:00,380
10390,46,9.6,45,0,data/order_details.csv,2023-04-26 11:34:21.629178+00:00,381
10390,72,27.8,24,0.1,data/order_details.csv,2023-04-26 11:34:21.629178+00:00,382
10391,13,4.8,18,0,data/order_details.csv,2023-04-26 11:34:21.629178+00:00,383
10392,69,28.8,50,0,data/order_details.csv,2023-04-26 11:34:21.629178+00:00,384
10393,2,15.2,25,0.25,data/order_details.csv,2023-04-26 11:34:21.629178+00:00,385
10393,14,18.6,42,0.25,data/order_details.csv,2023-04-26 11:34:21.629178+00:00,386
10393,25,11.2,7,0.25,data/order_details.csv,2023-04-26 11:34:21.629178+00:00,387
10393,26,24.9,70,0.25,data/order_details.csv,2023-04-26 11:34:21.629178+00:00,388
10393,31,10,32,0,data/order_details.csv,2023-04-26 11:34:21.629178+00:00,389
10394,13,4.8,10,0,data/order_details.csv,2023-04-26 11:34:21.629178+00:00,390
10394,62,39.4,10,0,data/order_details.csv,2023-04-26 11:34:21.629178+00:00,391
10395,46,9.6,28,0.1,data/order_details.csv,2023-04-26 11:34:21.629178+00:00,392
10395,53,26.2,70,0.1,data/order_details.csv,2023-04-26 11:34:21.629178+00:00,393
10395,69,28.8,8,0,data/order_details.csv,2023-04-26 11:34:21.629178+00:00,394
10396,23,7.2,40,0,data/order_details.csv,2023-04-26 11:34:21.629178+00:00,395
10396,71,17.2,60,0,data/order_details.csv,2023-04-26 11:34:21.629178+00:00,396
10396,72,27.8,21,0,data/order_details.csv,2023-04-26 11:34:21.629178+00:00,397
10397,21,8,10,0.15,data/order_details.csv,2023-04-26 11:34:21.629178+00:00,398
10397,51,42.4,18,0.15,data/order_details.csv,2023-04-26 11:34:21.629178+00:00,399
10398,35,14.4,30,0,data/order_details.csv,2023-04-26 11:34:21.629178+00:00,400
10398,55,19.2,120,0.1,data/order_details.csv,2023-04-26 11:34:21.629178+00:00,401
10399,68,10,60,0,data/order_details.csv,2023-04-26 11:34:21.629178+00:00,402
10399,71,17.2,30,0,data/order_details.csv,2023-04-26 11:34:21.629178+00:00,403
10399,76,14.4,35,0,data/order_details.csv,2023-04-26 11:34:21.629178+00:00,404
10399,77,10.4,14,0,data/order_details.csv,2023-04-26 11:34:21.629178+00:00,405
10400,29,99,21,0,data/order_details.csv,2023-04-26 11:34:21.629178+00:00,406
10400,35,14.4,35,0,data/order_details.csv,2023-04-26 11:34:21.629178+00:00,407
10400,49,16,30,0,data/order_details.csv,2023-04-26 11:34:21.629178+00:00,408
10401,30,20.7,18,0,data/order_details.csv,2023-04-26 11:34:21.629178+00:00,409
10401,56,30.4,70,0,data/order_details.csv,2023-04-26 11:34:21.629178+00:00,410
10401,65,16.8,20,0,data/order_details.csv,2023-04-26 11:34:21.629178+00:00,411
10401,71,17.2,60,0,data/order_details.csv,2023-04-26 11:34:21.629178+00:00,412
10402,23,7.2,60,0,data/order_details.csv,2023-04-26 11:34:21.629178+00:00,413
10402,63,35.1,65,0,data/order_details.csv,2023-04-26 11:34:21.629178+00:00,414
10403,16,13.9,21,0.15,data/order_details.csv,2023-04-26 11:34:21.629178+00:00,415
10403,48,10.2,70,0.15,data/order_details.csv,2023-04-26 11:34:21.629178+00:00,416
10404,26,24.9,30,0.05,data/order_details.csv,2023-04-26 11:34:21.629178+00:00,417
10404,42,11.2,40,0.05,data/order_details.csv,2023-04-26 11:34:21.629178+00:00,418
10404,49,16,30,0.05,data/order_details.csv,2023-04-26 11:34:21.629178+00:00,419
10405,3,8,50,0,data/order_details.csv,2023-04-26 11:34:21.629178+00:00,420
10406,1,14.4,10,0,data/order_details.csv,2023-04-26 11:34:21.629178+00:00,421
10406,21,8,30,0.1,data/order_details.csv,2023-04-26 11:34:21.629178+00:00,422
10406,28,36.4,42,0.1,data/order_details.csv,2023-04-26 11:34:21.629178+00:00,423
10406,36,15.2,5,0.1,data/order_details.csv,2023-04-26 11:34:21.629178+00:00,424
10406,40,14.7,2,0.1,data/order_details.csv,2023-04-26 11:34:21.629178+00:00,425
10407,11,16.8,30,0,data/order_details.csv,2023-04-26 11:34:21.629178+00:00,426
10407,69,28.8,15,0,data/order_details.csv,2023-04-26 11:34:21.629178+00:00,427
10407,71,17.2,15,0,data/order_details.csv,2023-04-26 11:34:21.629178+00:00,428
10408,37,20.8,10,0,data/order_details.csv,2023-04-26 11:34:21.629178+00:00,429
10408,54,5.9,6,0,data/order_details.csv,2023-04-26 11:34:21.629178+00:00,430
10408,62,39.4,35,0,data/order_details.csv,2023-04-26 11:34:21.629178+00:00,431
10409,14,18.6,12,0,data/order_details.csv,2023-04-26 11:34:21.629178+00:00,432
10409,21,8,12,0,data/order_details.csv,2023-04-26 11:34:21.629178+00:00,433
10410,33,2,49,0,data/order_details.csv,2023-04-26 11:34:21.629178+00:00,434
10410,59,44,16,0,data/order_details.csv,2023-04-26 11:34:21.629178+00:00,435
10411,41,7.7,25,0.2,data/order_details.csv,2023-04-26 11:34:21.629178+00:00,436
10411,44,15.5,40,0.2,data/order_details.csv,2023-04-26 11:34:21.629178+00:00,437
10411,59,44,9,0.2,data/order_details.csv,2023-04-26 11:34:21.629178+00:00,438
10412,14,18.6,20,0.1,data/order_details.csv,2023-04-26 11:34:21.629178+00:00,439
10413,1,14.4,24,0,data/order_details.csv,2023-04-26 11:34:21.629178+00:00,440
10413,62,39.4,40,0,data/order_details.csv,2023-04-26 11:34:21.629178+00:00,441
10413,76,14.4,14,0,data/order_details.csv,2023-04-26 11:34:21.629178+00:00,442
10414,19,7.3,18,0.05,data/order_details.csv,2023-04-26 11:34:21.629178+00:00,443
10414,33,2,50,0,data/order_details.csv,2023-04-26 11:34:21.629178+00:00,444
10415,17,31.2,2,0,data/order_details.csv,2023-04-26 11:34:21.629178+00:00,445
10415,33,2,20,0,data/order_details.csv,2023-04-26 11:34:21.629178+00:00,446
10416,19,7.3,20,0,data/order_details.csv,2023-04-26 11:34:21.629178+00:00,447
10416,53,26.2,10,0,data/order_details.csv,2023-04-26 11:34:21.629178+00:00,448
10416,57,15.6,20,0,data/order_details.csv,2023-04-26 11:34:21.629178+00:00,449
10417,38,210.8,50,0,data/order_details.csv,2023-04-26 11:34:21.629178+00:00,450
10417,46,9.6,2,0.25,data/order_details.csv,2023-04-26 11:34:21.629178+00:00,451
10417,68,10,36,0.25,data/order_details.csv,2023-04-26 11:34:21.629178+00:00,452
10417,77,10.4,35,0,data/order_details.csv,2023-04-26 11:34:21.629178+00:00,453
10418,2,15.2,60,0,data/order_details.csv,2023-04-26 11:34:21.629178+00:00,454
10418,47,7.6,55,0,data/order_details.csv,2023-04-26 11:34:21.629178+00:00,455
10418,61,22.8,16,0,data/order_details.csv,2023-04-26 11:34:21.629178+00:00,456
10418,74,8,15,0,data/order_details.csv,2023-04-26 11:34:21.629178+00:00,457
10419,60,27.2,60,0.05,data/order_details.csv,2023-04-26 11:34:21.629178+00:00,458
10419,69,28.8,20,0.05,data/order_details.csv,2023-04-26 11:34:21.629178+00:00,459
10420,9,77.6,20,0.1,data/order_details.csv,2023-04-26 11:34:21.629178+00:00,460
10420,13,4.8,2,0.1,data/order_details.csv,2023-04-26 11:34:21.629178+00:00,461
10420,70,12,8,0.1,data/order_details.csv,2023-04-26 11:34:21.629178+00:00,462
10420,73,12,20,0.1,data/order_details.csv,2023-04-26 11:34:21.629178+00:00,463
10421,19,7.3,4,0.15,data/order_details.csv,2023-04-26 11:34:21.629178+00:00,464
10421,26,24.9,30,0,data/order_details.csv,2023-04-26 11:34:21.629178+00:00,465
10421,53,26.2,15,0.15,data/order_details.csv,2023-04-26 11:34:21.629178+00:00,466
10421,77,10.4,10,0.15,data/order_details.csv,2023-04-26 11:34:21.629178+00:00,467
10422,26,24.9,2,0,data/order_details.csv,2023-04-26 11:34:21.629178+00:00,468
10423,31,10,14,0,data/order_details.csv,2023-04-26 11:34:21.629178+00:00,469
10423,59,44,20,0,data/order_details.csv,2023-04-26 11:34:21.629178+00:00,470
10424,35,14.4,60,0.2,data/order_details.csv,2023-04-26 11:34:21.629178+00:00,471
10424,38,210.8,49,0.2,data/order_details.csv,2023-04-26 11:34:21.629178+00:00,472
10424,68,10,30,0.2,data/order_details.csv,2023-04-26 11:34:21.629178+00:00,473
10425,55,19.2,10,0.25,data/order_details.csv,2023-04-26 11:34:21.629178+00:00,474
10425,76,14.4,20,0.25,data/order_details.csv,2023-04-26 11:34:21.629178+00:00,475
10426,56,30.4,5,0,data/order_details.csv,2023-04-26 11:34:21.629178+00:00,476
10426,64,26.6,7,0,data/order_details.csv,2023-04-26 11:34:21.629178+00:00,477
10427,14,18.6,35,0,data/order_details.csv,2023-04-26 11:34:21.629178+00:00,478
10428,46,9.6,20,0,data/order_details.csv,2023-04-26 11:34:21.629178+00:00,479
10429,50,13,40,0,data/order_details.csv,2023-04-26 11:34:21.629178+00:00,480
10429,63,35.1,35,0.25,data/order_details.csv,2023-04-26 11:34:21.629178+00:00,481
10430,17,31.2,45,0.2,data/order_details.csv,2023-04-26 11:34:21.629178+00:00,482
10430,21,8,50,0,data/order_details.csv,2023-04-26 11:34:21.629178+00:00,483
10430,56,30.4,30,0,data/order_details.csv,2023-04-26 11:34:21.629178+00:00,484
10430,59,44,70,0.2,data/order_details.csv,2023-04-26 11:34:21.629178+00:00,485
10431,17,31.2,50,0.25,data/order_details.csv,2023-04-26 11:34:21.629178+00:00,486
10431,40,14.7,50,0.25,data/order_details.csv,2023-04-26 11:34:21.629178+00:00,487
10431,47,7.6,30,0.25,data/order_details.csv,2023-04-26 11:34:21.629178+00:00,488
10432,26,24.9,10,0,data/order_details.csv,2023-04-26 11:34:21.629178+00:00,489
10432,54,5.9,40,0,data/order_details.csv,2023-04-26 11:34:21.629178+00:00,490
10433,56,30.4,28,0,data/order_details.csv,2023-04-26 11:34:21.629178+00:00,491
10434,11,16.8,6,0,data/order_details.csv,2023-04-26 11:34:21.629178+00:00,492
10434,76,14.4,18,0.15,data/order_details.csv,2023-04-26 11:34:21.629178+00:00,493
10435,2,15.2,10,0,data/order_details.csv,2023-04-26 11:34:21.629178+00:00,494
10435,22,16.8,12,0,data/order_details.csv,2023-04-26 11:34:21.629178+00:00,495
10435,72,27.8,10,0,data/order_details.csv,2023-04-26 11:34:21.629178+00:00,496
10436,46,9.6,5,0,data/order_details.csv,2023-04-26 11:34:21.629178+00:00,497
10436,56,30.4,40,0.1,data/order_details.csv,2023-04-26 11:34:21.629178+00:00,498
10436,64,26.6,30,0.1,data/order_details.csv,2023-04-26 11:34:21.629178+00:00,499
10436,75,6.2,24,0.1,data/order_details.csv,2023-04-26 11:34:21.629178+00:00,500
10437,53,26.2,15,0,data/order_details.csv,2023-04-26 11:34:21.629178+00:00,501
10438,19,7.3,15,0.2,data/order_details.csv,2023-04-26 11:34:21.629178+00:00,502
10438,34,11.2,20,0.2,data/order_details.csv,2023-04-26 11:34:21.629178+00:00,503
10438,57,15.6,15,0.2,data/order_details.csv,2023-04-26 11:34:21.629178+00:00,504
10439,12,30.4,15,0,data/order_details.csv,2023-04-26 11:34:21.629178+00:00,505
10439,16,13.9,16,0,data/order_details.csv,2023-04-26 11:34:21.629178+00:00,506
10439,64,26.6,6,0,data/order_details.csv,2023-04-26 11:34:21.629178+00:00,507
10439,74,8,30,0,data/order_details.csv,2023-04-26 11:34:21.629178+00:00,508
10440,2,15.2,45,0.15,data/order_details.csv,2023-04-26 11:34:21.629178+00:00,509
10440,16,13.9,49,0.15,data/order_details.csv,2023-04-26 11:34:21.629178+00:00,510
10440,29,99,24,0.15,data/order_details.csv,2023-04-26 11:34:21.629178+00:00,511
10440,61,22.8,90,0.15,data/order_details.csv,2023-04-26 11:34:21.629178+00:00,512
10441,27,35.1,50,0,data/order_details.csv,2023-04-26 11:34:21.629178+00:00,513
10442,11,16.8,30,0,data/order_details.csv,2023-04-26 11:34:21.629178+00:00,514
10442,54,5.9,80,0,data/order_details.csv,2023-04-26 11:34:21.629178+00:00,515
10442,66,13.6,60,0,data/order_details.csv,2023-04-26 11:34:21.629178+00:00,516
10443,11,16.8,6,0.2,data/order_details.csv,2023-04-26 11:34:21.629178+00:00,517
10443,28,36.4,12,0,data/order_details.csv,2023-04-26 11:34:21.629178+00:00,518
10444,17,31.2,10,0,data/order_details.csv,2023-04-26 11:34:21.629178+00:00,519
10444,26,24.9,15,0,data/order_details.csv,2023-04-26 11:34:21.629178+00:00,520
10444,35,14.4,8,0,data/order_details.csv,2023-04-26 11:34:21.629178+00:00,521
10444,41,7.7,30,0,data/order_details.csv,2023-04-26 11:34:21.629178+00:00,522
10445,39,14.4,6,0,data/order_details.csv,2023-04-26 11:34:21.629178+00:00,523
10445,54,5.9,15,0,data/order_details.csv,2023-04-26 11:34:21.629178+00:00,524
10446,19,7.3,12,0.1,data/order_details.csv,2023-04-26 11:34:21.629178+00:00,525
10446,24,3.6,20,0.1,data/order_details.csv,2023-04-26 11:34:21.629178+00:00,526
10446,31,10,3,0.1,data/order_details.csv,2023-04-26 11:34:21.629178+00:00,527
10446,52,5.6,15,0.1,data/order_details.csv,2023-04-26 11:34:21.629178+00:00,528
10447,19,7.3,40,0,data/order_details.csv,2023-04-26 11:34:21.629178+00:00,529
10447,65,16.8,35,0,data/order_details.csv,2023-04-26 11:34:21.629178+00:00,530
10447,71,17.2,2,0,data/order_details.csv,2023-04-26 11:34:21.629178+00:00,531
10448,26,24.9,6,0,data/order_details.csv,2023-04-26 11:34:21.629178+00:00,532
10448,40,14.7,20,0,data/order_details.csv,2023-04-26 11:34:21.629178+00:00,533
10449,10,24.8,14,0,data/order_details.csv,2023-04-26 11:34:21.629178+00:00,534
10449,52,5.6,20,0,data/order_details.csv,2023-04-26 11:34:21.629178+00:00,535
10449,62,39.4,35,0,data/order_details.csv,2023-04-26 11:34:21.629178+00:00,536
10450,10,24.8,20,0.2,data/order_details.csv,2023-04-26 11:34:21.629178+00:00,537
10450,54,5.9,6,0.2,data/order_details.csv,2023-04-26 11:34:21.629178+00:00,538
10451,55,19.2,120,0.1,data/order_details.csv,2023-04-26 11:34:21.629178+00:00,539
10451,64,26.6,35,0.1,data/order_details.csv,2023-04-26 11:34:21.629178+00:00,540
10451,65,16.8,28,0.1,data/order_details.csv,2023-04-26 11:34:21.629178+00:00,541
10451,77,10.4,55,0.1,data/order_details.csv,2023-04-26 11:34:21.629178+00:00,542
10452,28,36.4,15,0,data/order_details.csv,2023-04-26 11:34:21.629178+00:00,543
10452,44,15.5,100,0.05,data/order_details.csv,2023-04-26 11:34:21.629178+00:00,544
10453,48,10.2,15,0.1,data/order_details.csv,2023-04-26 11:34:21.629178+00:00,545
10453,70,12,25,0.1,data/order_details.csv,2023-04-26 11:34:21.629178+00:00,546
10454,16,13.9,20,0.2,data/order_details.csv,2023-04-26 11:34:21.629178+00:00,547
10454,33,2,20,0.2,data/order_details.csv,2023-04-26 11:34:21.629178+00:00,548
10454,46,9.6,10,0.2,data/order_details.csv,2023-04-26 11:34:21.629178+00:00,549
10455,39,14.4,20,0,data/order_details.csv,2023-04-26 11:34:21.629178+00:00,550
10455,53,26.2,50,0,data/order_details.csv,2023-04-26 11:34:21.629178+00:00,551
10455,61,22.8,25,0,data/order_details.csv,2023-04-26 11:34:21.629178+00:00,552
10455,71,17.2,30,0,data/order_details.csv,2023-04-26 11:34:21.629178+00:00,553
10456,21,8,40,0.15,data/order_details.csv,2023-04-26 11:34:21.629178+00:00,554
10456,49,16,21,0.15,data/order_details.csv,2023-04-26 11:34:21.629178+00:00,555
10457,59,44,36,0,data/order_details.csv,2023-04-26 11:34:21.629178+00:00,556
10458,26,24.9,30,0,data/order_details.csv,2023-04-26 11:34:21.629178+00:00,557
10458,28,36.4,30,0,data/order_details.csv,2023-04-26 11:34:21.629178+00:00,558
10458,43,36.8,20,0,data/order_details.csv,2023-04-26 11:34:21.629178+00:00,559
10458,56,30.4,15,0,data/order_details.csv,2023-04-26 11:34:21.629178+00:00,560
10458,71,17.2,50,0,data/order_details.csv,2023-04-26 11:34:21.629178+00:00,561
10459,7,24,16,0.05,data/order_details.csv,2023-04-26 11:34:21.629178+00:00,562
10459,46,9.6,20,0.05,data/order_details.csv,2023-04-26 11:34:21.629178+00:00,563
10459,72,27.8,40,0,data/order_details.csv,2023-04-26 11:34:21.629178+00:00,564
10460,68,10,21,0.25,data/order_details.csv,2023-04-26 11:34:21.629178+00:00,565
10460,75,6.2,4,0.25,data/order_details.csv,2023-04-26 11:34:21.629178+00:00,566
10461,21,8,40,0.25,data/order_details.csv,2023-04-26 11:34:21.629178+00:00,567
10461,30,20.7,28,0.25,data/order_details.csv,2023-04-26 11:34:21.629178+00:00,568
10461,55,19.2,60,0.25,data/order_details.csv,2023-04-26 11:34:21.629178+00:00,569
10462,13,4.8,1,0,data/order_details.csv,2023-04-26 11:34:21.629178+00:00,570
10462,23,7.2,21,0,data/order_details.csv,2023-04-26 11:34:21.629178+00:00,571
10463,19,7.3,21,0,data/order_details.csv,2023-04-26 11:34:21.629178+00:00,572
10463,42,11.2,50,0,data/order_details.csv,2023-04-26 11:34:21.629178+00:00,573
10464,4,17.6,16,0.2,data/order_details.csv,2023-04-26 11:34:21.629178+00:00,574
10464,43,36.8,3,0,data/order_details.csv,2023-04-26 11:34:21.629178+00:00,575
10464,56,30.4,30,0.2,data/order_details.csv,2023-04-26 11:34:21.629178+00:00,576
10464,60,27.2,20,0,data/order_details.csv,2023-04-26 11:34:21.629178+00:00,577
10465,24,3.6,25,0,data/order_details.csv,2023-04-26 11:34:21.629178+00:00,578
10465,29,99,18,0.1,data/order_details.csv,2023-04-26 11:34:21.629178+00:00,579
10465,40,14.7,20,0,data/order_details.csv,2023-04-26 11:34:21.629178+00:00,580
10465,45,7.6,30,0.1,data/order_details.csv,2023-04-26 11:34:21.629178+00:00,581
10465,50,13,25,0,data/order_details.csv,2023-04-26 11:34:21.629178+00:00,582
10466,11,16.8,10,0,data/order_details.csv,2023-04-26 11:34:21.629178+00:00,583
10466,46,9.6,5,0,data/order_details.csv,2023-04-26 11:34:21.629178+00:00,584
10467,24,3.6,28,0,data/order_details.csv,2023-04-26 11:34:21.629178+00:00,585
10467,25,11.2,12,0,data/order_details.csv,2023-04-26 11:34:21.629178+00:00,586
10468,30,20.7,8,0,data/order_details.csv,2023-04-26 11:34:21.629178+00:00,587
10468,43,36.8,15,0,data/order_details.csv,2023-04-26 11:34:21.629178+00:00,588
10469,2,15.2,40,0.15,data/order_details.csv,2023-04-26 11:34:21.629178+00:00,589
10469,16,13.9,35,0.15,data/order_details.csv,2023-04-26 11:34:21.629178+00:00,590
10469,44,15.5,2,0.15,data/order_details.csv,2023-04-26 11:34:21.629178+00:00,591
10470,18,50,30,0,data/order_details.csv,2023-04-26 11:34:21.629178+00:00,592
10470,23,7.2,15,0,data/order_details.csv,2023-04-26 11:34:21.629178+00:00,593
10470,64,26.6,8,0,data/order_details.csv,2023-04-26 11:34:21.629178+00:00,594
10471,7,24,30,0,data/order_details.csv,2023-04-26 11:34:21.629178+00:00,595
10471,56,30.4,20,0,data/order_details.csv,2023-04-26 11:34:21.629178+00:00,596
10472,24,3.6,80,0.05,data/order_details.csv,2023-04-26 11:34:21.629178+00:00,597
10472,51,42.4,18,0,data/order_details.csv,2023-04-26 11:34:21.629178+00:00,598
10473,33,2,12,0,data/order_details.csv,2023-04-26 11:34:21.629178+00:00,599
10473,71,17.2,12,0,data/order_details.csv,2023-04-26 11:34:21.629178+00:00,600
10474,14,18.6,12,0,data/order_details.csv,2023-04-26 11:34:21.629178+00:00,601
10474,28,36.4,18,0,data/order_details.csv,2023-04-26 11:34:21.629178+00:00,602
10474,40,14.7,21,0,data/order_details.csv,2023-04-26 11:34:21.629178+00:00,603
10474,75,6.2,10,0,data/order_details.csv,2023-04-26 11:34:21.629178+00:00,604
10475,31,10,35,0.15,data/order_details.csv,2023-04-26 11:34:21.629178+00:00,605
10475,66,13.6,60,0.15,data/order_details.csv,2023-04-26 11:34:21.629178+00:00,606
10475,76,14.4,42,0.15,data/order_details.csv,2023-04-26 11:34:21.629178+00:00,607
10476,55,19.2,2,0.05,data/order_details.csv,2023-04-26 11:34:21.629178+00:00,608
10476,70,12,12,0,data/order_details.csv,2023-04-26 11:34:21.629178+00:00,609
10477,1,14.4,15,0,data/order_details.csv,2023-04-26 11:34:21.629178+00:00,610
10477,21,8,21,0.25,data/order_details.csv,2023-04-26 11:34:21.629178+00:00,611
10477,39,14.4,20,0.25,data/order_details.csv,2023-04-26 11:34:21.629178+00:00,612
10478,10,24.8,20,0.05,data/order_details.csv,2023-04-26 11:34:21.629178+00:00,613
10479,38,210.8,30,0,data/order_details.csv,2023-04-26 11:34:21.629178+00:00,614
10479,53,26.2,28,0,data/order_details.csv,2023-04-26 11:34:21.629178+00:00,615
10479,59,44,60,0,data/order_details.csv,2023-04-26 11:34:21.629178+00:00,616
10479,64,26.6,30,0,data/order_details.csv,2023-04-26 11:34:21.629178+00:00,617
10480,47,7.6,30,0,data/order_details.csv,2023-04-26 11:34:21.629178+00:00,618
10480,59,44,12,0,data/order_details.csv,2023-04-26 11:34:21.629178+00:00,619
10481,49,16,24,0,data/order_details.csv,2023-04-26 11:34:21.629178+00:00,620
10481,60,27.2,40,0,data/order_details.csv,2023-04-26 11:34:21.629178+00:00,621
10482,40,14.7,10,0,data/order_details.csv,2023-04-26 11:34:21.629178+00:00,622
10483,34,11.2,35,0.05,data/order_details.csv,2023-04-26 11:34:21.629178+00:00,623
10483,77,10.4,30,0.05,data/order_details.csv,2023-04-26 11:34:21.629178+00:00,624
10484,21,8,14,0,data/order_details.csv,2023-04-26 11:34:21.629178+00:00,625
10484,40,14.7,10,0,data/order_details.csv,2023-04-26 11:34:21.629178+00:00,626
10484,51,42.4,3,0,data/order_details.csv,2023-04-26 11:34:21.629178+00:00,627
10485,2,15.2,20,0.1,data/order_details.csv,2023-04-26 11:34:21.629178+00:00,628
10485,3,8,20,0.1,data/order_details.csv,2023-04-26 11:34:21.629178+00:00,629
10485,55,19.2,30,0.1,data/order_details.csv,2023-04-26 11:34:21.629178+00:00,630
10485,70,12,60,0.1,data/order_details.csv,2023-04-26 11:34:21.629178+00:00,631
10486,11,16.8,5,0,data/order_details.csv,2023-04-26 11:34:21.629178+00:00,632
10486,51,42.4,25,0,data/order_details.csv,2023-04-26 11:34:21.629178+00:00,633
10486,74,8,16,0,data/order_details.csv,2023-04-26 11:34:21.629178+00:00,634
10487,19,7.3,5,0,data/order_details.csv,2023-04-26 11:34:21.629178+00:00,635
10487,26,24.9,30,0,data/order_details.csv,2023-04-26 11:34:21.629178+00:00,636
10487,54,5.9,24,0.25,data/order_details.csv,2023-04-26 11:34:21.629178+00:00,637
10488,59,44,30,0,data/order_details.csv,2023-04-26 11:34:21.629178+00:00,638
10488,73,12,20,0.2,data/order_details.csv,2023-04-26 11:34:21.629178+00:00,639
10489,11,16.8,15,0.25,data/order_details.csv,2023-04-26 11:34:21.629178+00:00,640
10489,16,13.9,18,0,data/order_details.csv,2023-04-26 11:34:21.629178+00:00,641
10490,59,44,60,0,data/order_details.csv,2023-04-26 11:34:21.629178+00:00,642
10490,68,10,30,0,data/order_details.csv,2023-04-26 11:34:21.629178+00:00,643
10490,75,6.2,36,0,data/order_details.csv,2023-04-26 11:34:21.629178+00:00,644
10491,44,15.5,15,0.15,data/order_details.csv,2023-04-26 11:34:21.629178+00:00,645
10491,77,10.4,7,0.15,data/order_details.csv,2023-04-26 11:34:21.629178+00:00,646
10492,25,11.2,60,0.05,data/order_details.csv,2023-04-26 11:34:21.629178+00:00,647
10492,42,11.2,20,0.05,data/order_details.csv,2023-04-26 11:34:21.629178+00:00,648
10493,65,16.8,15,0.1,data/order_details.csv,2023-04-26 11:34:21.629178+00:00,649
10493,66,13.6,10,0.1,data/order_details.csv,2023-04-26 11:34:21.629178+00:00,650
10493,69,28.8,10,0.1,data/order_details.csv,2023-04-26 11:34:21.629178+00:00,651
10494,56,30.4,30,0,data/order_details.csv,2023-04-26 11:34:21.629178+00:00,652
10495,23,7.2,10,0,data/order_details.csv,2023-04-26 11:34:21.629178+00:00,653
10495,41,7.7,20,0,data/order_details.csv,2023-04-26 11:34:21.629178+00:00,654
10495,77,10.4,5,0,data/order_details.csv,2023-04-26 11:34:21.629178+00:00,655
10496,31,10,20,0.05,data/order_details.csv,2023-04-26 11:34:21.629178+00:00,656
10497,56,30.4,14,0,data/order_details.csv,2023-04-26 11:34:21.629178+00:00,657
10497,72,27.8,25,0,data/order_details.csv,2023-04-26 11:34:21.629178+00:00,658
10497,77,10.4,25,0,data/order_details.csv,2023-04-26 11:34:21.629178+00:00,659
10498,24,4.5,14,0,data/order_details.csv,2023-04-26 11:34:21.629178+00:00,660
10498,40,18.4,5,0,data/order_details.csv,2023-04-26 11:34:21.629178+00:00,661
10498,42,14,30,0,data/order_details.csv,2023-04-26 11:34:21.629178+00:00,662
10499,28,45.6,20,0,data/order_details.csv,2023-04-26 11:34:21.629178+00:00,663
10499,49,20,25,0,data/order_details.csv,2023-04-26 11:34:21.629178+00:00,664
10500,15,15.5,12,0.05,data/order_details.csv,2023-04-26 11:34:21.629178+00:00,665
10500,28,45.6,8,0.05,data/order_details.csv,2023-04-26 11:34:21.629178+00:00,666
10501,54,7.45,20,0,data/order_details.csv,2023-04-26 11:34:21.629178+00:00,667
10502,45,9.5,21,0,data/order_details.csv,2023-04-26 11:34:21.629178+00:00,668
10502,53,32.8,6,0,data/order_details.csv,2023-04-26 11:34:21.629178+00:00,669
10502,67,14,30,0,data/order_details.csv,2023-04-26 11:34:21.629178+00:00,670
10503,14,23.25,70,0,data/order_details.csv,2023-04-26 11:34:21.629178+00:00,671
10503,65,21.05,20,0,data/order_details.csv,2023-04-26 11:34:21.629178+00:00,672
10504,2,19,12,0,data/order_details.csv,2023-04-26 11:34:21.629178+00:00,673
10504,21,10,12,0,data/order_details.csv,2023-04-26 11:34:21.629178+00:00,674
10504,53,32.8,10,0,data/order_details.csv,2023-04-26 11:34:21.629178+00:00,675
10504,61,28.5,25,0,data/order_details.csv,2023-04-26 11:34:21.629178+00:00,676
10505,62,49.3,3,0,data/order_details.csv,2023-04-26 11:34:21.629178+00:00,677
10506,25,14,18,0.1,data/order_details.csv,2023-04-26 11:34:21.629178+00:00,678
10506,70,15,14,0.1,data/order_details.csv,2023-04-26 11:34:21.629178+00:00,679
10507,43,46,15,0.15,data/order_details.csv,2023-04-26 11:34:21.629178+00:00,680
10507,48,12.75,15,0.15,data/order_details.csv,2023-04-26 11:34:21.629178+00:00,681
10508,13,6,10,0,data/order_details.csv,2023-04-26 11:34:21.629178+00:00,682
10508,39,18,10,0,data/order_details.csv,2023-04-26 11:34:21.629178+00:00,683
10509,28,45.6,3,0,data/order_details.csv,2023-04-26 11:34:21.629178+00:00,684
10510,29,123.79,36,0,data/order_details.csv,2023-04-26 11:34:21.629178+00:00,685
10510,75,7.75,36,0.1,data/order_details.csv,2023-04-26 11:34:21.629178+00:00,686
10511,4,22,50,0.15,data/order_details.csv,2023-04-26 11:34:21.629178+00:00,687
10511,7,30,50,0.15,data/order_details.csv,2023-04-26 11:34:21.629178+00:00,688
10511,8,40,10,0.15,data/order_details.csv,2023-04-26 11:34:21.629178+00:00,689
10512,24,4.5,10,0.15,data/order_details.csv,2023-04-26 11:34:21.629178+00:00,690
10512,46,12,9,0.15,data/order_details.csv,2023-04-26 11:34:21.629178+00:00,691
10512,47,9.5,6,0.15,data/order_details.csv,2023-04-26 11:34:21.629178+00:00,692
10512,60,34,12,0.15,data/order_details.csv,2023-04-26 11:34:21.629178+00:00,693
10513,21,10,40,0.2,data/order_details.csv,2023-04-26 11:34:21.629178+00:00,694
10513,32,32,50,0.2,data/order_details.csv,2023-04-26 11:34:21.629178+00:00,695
10513,61,28.5,15,0.2,data/order_details.csv,2023-04-26 11:34:21.629178+00:00,696
10514,20,81,39,0,data/order_details.csv,2023-04-26 11:34:21.629178+00:00,697
10514,28,45.6,35,0,data/order_details.csv,2023-04-26 11:34:21.629178+00:00,698
10514,56,38,70,0,data/order_details.csv,2023-04-26 11:34:21.629178+00:00,699
10514,65,21.05,39,0,data/order_details.csv,2023-04-26 11:34:21.629178+00:00,700
10514,75,7.75,50,0,data/order_details.csv,2023-04-26 11:34:21.629178+00:00,701
10515,9,97,16,0.15,data/order_details.csv,2023-04-26 11:34:21.629178+00:00,702
10515,16,17.45,50,0,data/order_details.csv,2023-04-26 11:34:21.629178+00:00,703
10515,27,43.9,120,0,data/order_details.csv,2023-04-26 11:34:21.629178+00:00,704
10515,33,2.5,16,0.15,data/order_details.csv,2023-04-26 11:34:21.629178+00:00,705
10515,60,34,84,0.15,data/order_details.csv,2023-04-26 11:34:21.629178+00:00,706
10516,18,62.5,25,0.1,data/order_details.csv,2023-04-26 11:34:21.629178+00:00,707
10516,41,9.65,80,0.1,data/order_details.csv,2023-04-26 11:34:21.629178+00:00,708
10516,42,14,20,0,data/order_details.csv,2023-04-26 11:34:21.629178+00:00,709
10517,52,7,6,0,data/order_details.csv,2023-04-26 11:34:21.629178+00:00,710
10517,59,55,4,0,data/order_details.csv,2023-04-26 11:34:21.629178+00:00,711
10517,70,15,6,0,data/order_details.csv,2023-04-26 11:34:21.629178+00:00,712
10518,24,4.5,5,0,data/order_details.csv,2023-04-26 11:34:21.629178+00:00,713
10518,38,263.5,15,0,data/order_details.csv,2023-04-26 11:34:21.629178+00:00,714
10518,44,19.45,9,0,data/order_details.csv,2023-04-26 11:34:21.629178+00:00,715
10519,10,31,16,0.05,data/order_details.csv,2023-04-26 11:34:21.629178+00:00,716
10519,56,38,40,0,data/order_details.csv,2023-04-26 11:34:21.629178+00:00,717
10519,60,34,10,0.05,data/order_details.csv,2023-04-26 11:34:21.629178+00:00,718
10520,24,4.5,8,0,data/order_details.csv,2023-04-26 11:34:21.629178+00:00,719
10520,53,32.8,5,0,data/order_details.csv,2023-04-26 11:34:21.629178+00:00,720
10521,35,18,3,0,data/order_details.csv,2023-04-26 11:34:21.629178+00:00,721
10521,41,9.65,10,0,data/order_details.csv,2023-04-26 11:34:21.629178+00:00,722
10521,68,12.5,6,0,data/order_details.csv,2023-04-26 11:34:21.629178+00:00,723
10522,1,18,40,0.2,data/order_details.csv,2023-04-26 11:34:21.629178+00:00,724
10522,8,40,24,0,data/order_details.csv,2023-04-26 11:34:21.629178+00:00,725
10522,30,25.89,20,0.2,data/order_details.csv,2023-04-26 11:34:21.629178+00:00,726
10522,40,18.4,25,0.2,data/order_details.csv,2023-04-26 11:34:21.629178+00:00,727
10523,17,39,25,0.1,data/order_details.csv,2023-04-26 11:34:21.629178+00:00,728
10523,20,81,15,0.1,data/order_details.csv,2023-04-26 11:34:21.629178+00:00,729
10523,37,26,18,0.1,data/order_details.csv,2023-04-26 11:34:21.629178+00:00,730
10523,41,9.65,6,0.1,data/order_details.csv,2023-04-26 11:34:21.629178+00:00,731
10524,10,31,2,0,data/order_details.csv,2023-04-26 11:34:21.629178+00:00,732
10524,30,25.89,10,0,data/order_details.csv,2023-04-26 11:34:21.629178+00:00,733
10524,43,46,60,0,data/order_details.csv,2023-04-26 11:34:21.629178+00:00,734
10524,54,7.45,15,0,data/order_details.csv,2023-04-26 11:34:21.629178+00:00,735
10525,36,19,30,0,data/order_details.csv,2023-04-26 11:34:21.629178+00:00,736
10525,40,18.4,15,0.1,data/order_details.csv,2023-04-26 11:34:21.629178+00:00,737
10526,1,18,8,0.15,data/order_details.csv,2023-04-26 11:34:21.629178+00:00,738
10526,13,6,10,0,data/order_details.csv,2023-04-26 11:34:21.629178+00:00,739
10526,56,38,30,0.15,data/order_details.csv,2023-04-26 11:34:21.629178+00:00,740
10527,4,22,50,0.1,data/order_details.csv,2023-04-26 11:34:21.629178+00:00,741
10527,36,19,30,0.1,data/order_details.csv,2023-04-26 11:34:21.629178+00:00,742
10528,11,21,3,0,data/order_details.csv,2023-04-26 11:34:21.629178+00:00,743
10528,33,2.5,8,0.2,data/order_details.csv,2023-04-26 11:34:21.629178+00:00,744
10528,72,34.8,9,0,data/order_details.csv,2023-04-26 11:34:21.629178+00:00,745
10529,55,24,14,0,data/order_details.csv,2023-04-26 11:34:21.629178+00:00,746
10529,68,12.5,20,0,data/order_details.csv,2023-04-26 11:34:21.629178+00:00,747
10529,69,36,10,0,data/order_details.csv,2023-04-26 11:34:21.629178+00:00,748
10530,17,39,40,0,data/order_details.csv,2023-04-26 11:34:21.629178+00:00,749
10530,43,46,25,0,data/order_details.csv,2023-04-26 11:34:21.629178+00:00,750
10530,61,28.5,20,0,data/order_details.csv,2023-04-26 11:34:21.629178+00:00,751
10530,76,18,50,0,data/order_details.csv,2023-04-26 11:34:21.629178+00:00,752
10531,59,55,2,0,data/order_details.csv,2023-04-26 11:34:21.629178+00:00,753
10532,30,25.89,15,0,data/order_details.csv,2023-04-26 11:34:21.629178+00:00,754
10532,66,17,24,0,data/order_details.csv,2023-04-26 11:34:21.629178+00:00,755
10533,4,22,50,0.05,data/order_details.csv,2023-04-26 11:34:21.629178+00:00,756
10533,72,34.8,24,0,data/order_details.csv,2023-04-26 11:34:21.629178+00:00,757
10533,73,15,24,0.05,data/order_details.csv,2023-04-26 11:34:21.629178+00:00,758
10534,30,25.89,10,0,data/order_details.csv,2023-04-26 11:34:21.629178+00:00,759
10534,40,18.4,10,0.2,data/order_details.csv,2023-04-26 11:34:21.629178+00:00,760
10534,54,7.45,10,0.2,data/order_details.csv,2023-04-26 11:34:21.629178+00:00,761
10535,11,21,50,0.1,data/order_details.csv,2023-04-26 11:34:21.629178+00:00,762
10535,40,18.4,10,0.1,data/order_details.csv,2023-04-26 11:34:21.629178+00:00,763
10535,57,19.5,5,0.1,data/order_details.csv,2023-04-26 11:34:21.629178+00:00,764
10535,59,55,15,0.1,data/order_details.csv,2023-04-26 11:34:21.629178+00:00,765
10536,12,38,15,0.25,data/order_details.csv,2023-04-26 11:34:21.629178+00:00,766
10536,31,12.5,20,0,data/order_details.csv,2023-04-26 11:34:21.629178+00:00,767
10536,33,2.5,30,0,data/order_details.csv,2023-04-26 11:34:21.629178+00:00,768
10536,60,34,35,0.25,data/order_details.csv,2023-04-26 11:34:21.629178+00:00,769
10537,31,12.5,30,0,data/order_details.csv,2023-04-26 11:34:21.629178+00:00,770
10537,51,53,6,0,data/order_details.csv,2023-04-26 11:34:21.629178+00:00,771
10537,58,13.25,20,0,data/order_details.csv,2023-04-26 11:34:21.629178+00:00,772
10537,72,34.8,21,0,data/order_details.csv,2023-04-26 11:34:21.629178+00:00,773
10537,73,15,9,0,data/order_details.csv,2023-04-26 11:34:21.629178+00:00,774
10538,70,15,7,0,data/order_details.csv,2023-04-26 11:34:21.629178+00:00,775
10538,72,34.8,1,0,data/order_details.csv,2023-04-26 11:34:21.629178+00:00,776
10539,13,6,8,0,data/order_details.csv,2023-04-26 11:34:21.629178+00:00,777
10539,21,10,15,0,data/order_details.csv,2023-04-26 11:34:21.629178+00:00,778
10539,33,2.5,15,0,data/order_details.csv,2023-04-26 11:34:21.629178+00:00,779
10539,49,20,6,0,data/order_details.csv,2023-04-26 11:34:21.629178+00:00,780
10540,3,10,60,0,data/order_details.csv,2023-04-26 11:34:21.629178+00:00,781
10540,26,31.23,40,0,data/order_details.csv,2023-04-26 11:34:21.629178+00:00,782
10540,38,263.5,30,0,data/order_details.csv,2023-04-26 11:34:21.629178+00:00,783
10540,68,12.5,35,0,data/order_details.csv,2023-04-26 11:34:21.629178+00:00,784
10541,24,4.5,35,0.1,data/order_details.csv,2023-04-26 11:34:21.629178+00:00,785
10541,38,263.5,4,0.1,data/order_details.csv,2023-04-26 11:34:21.629178+00:00,786
10541,65,21.05,36,0.1,data/order_details.csv,2023-04-26 11:34:21.629178+00:00,787
10541,71,21.5,9,0.1,data/order_details.csv,2023-04-26 11:34:21.629178+00:00,788
10542,11,21,15,0.05,data/order_details.csv,2023-04-26 11:34:21.629178+00:00,789
10542,54,7.45,24,0.05,data/order_details.csv,2023-04-26 11:34:21.629178+00:00,790
10543,12,38,30,0.15,data/order_details.csv,2023-04-26 11:34:21.629178+00:00,791
10543,23,9,70,0.15,data/order_details.csv,2023-04-26 11:34:21.629178+00:00,792
10544,28,45.6,7,0,data/order_details.csv,2023-04-26 11:34:21.629178+00:00,793
10544,67,14,7,0,data/order_details.csv,2023-04-26 11:34:21.629178+00:00,794
10545,11,21,10,0,data/order_details.csv,2023-04-26 11:34:21.629178+00:00,795
10546,7,30,10,0,data/order_details.csv,2023-04-26 11:34:21.629178+00:00,796
10546,35,18,30,0,data/order_details.csv,2023-04-26 11:34:21.629178+00:00,797
10546,62,49.3,40,0,data/order_details.csv,2023-04-26 11:34:21.629178+00:00,798
10547,32,32,24,0.15,data/order_details.csv,2023-04-26 11:34:21.629178+00:00,799
10547,36,19,60,0,data/order_details.csv,2023-04-26 11:34:21.629178+00:00,800
10548,34,14,10,0.25,data/order_details.csv,2023-04-26 11:34:21.629178+00:00,801
10548,41,9.65,14,0,data/order_details.csv,2023-04-26 11:34:21.629178+00:00,802
10549,31,12.5,55,0.15,data/order_details.csv,2023-04-26 11:34:21.629178+00:00,803
10549,45,9.5,100,0.15,data/order_details.csv,2023-04-26 11:34:21.629178+00:00,804
10549,51,53,48,0.15,data/order_details.csv,2023-04-26 11:34:21.629178+00:00,805
10550,17,39,8,0.1,data/order_details.csv,2023-04-26 11:34:21.629178+00:00,806
10550,19,9.2,10,0,data/order_details.csv,2023-04-26 11:34:21.629178+00:00,807
10550,21,10,6,0.1,data/order_details.csv,2023-04-26 11:34:21.629178+00:00,808
10550,61,28.5,10,0.1,data/order_details.csv,2023-04-26 11:34:21.629178+00:00,809
10551,16,17.45,40,0.15,data/order_details.csv,2023-04-26 11:34:21.629178+00:00,810
10551,35,18,20,0.15,data/order_details.csv,2023-04-26 11:34:21.629178+00:00,811
10551,44,19.45,40,0,data/order_details.csv,2023-04-26 11:34:21.629178+00:00,812
10552,69,36,18,0,data/order_details.csv,2023-04-26 11:34:21.629178+00:00,813
10552,75,7.75,30,0,data/order_details.csv,2023-04-26 11:34:21.629178+00:00,814
10553,11,21,15,0,data/order_details.csv,2023-04-26 11:34:21.629178+00:00,815
10553,16,17.45,14,0,data/order_details.csv,2023-04-26 11:34:21.629178+00:00,816
10553,22,21,24,0,data/order_details.csv,2023-04-26 11:34:21.629178+00:00,817
10553,31,12.5,30,0,data/order_details.csv,2023-04-26 11:34:21.629178+00:00,818
10553,35,18,6,0,data/order_details.csv,2023-04-26 11:34:21.629178+00:00,819
10554,16,17.45,30,0.05,data/order_details.csv,2023-04-26 11:34:21.629178+00:00,820
10554,23,9,20,0.05,data/order_details.csv,2023-04-26 11:34:21.629178+00:00,821
10554,62,49.3,20,0.05,data/order_details.csv,2023-04-26 11:34:21.629178+00:00,822
10554,77,13,10,0.05,data/order_details.csv,2023-04-26 11:34:21.629178+00:00,823
10555,14,23.25,30,0.2,data/order_details.csv,2023-04-26 11:34:21.629178+00:00,824
10555,19,9.2,35,0.2,data/order_details.csv,2023-04-26 11:34:21.629178+00:00,825
10555,24,4.5,18,0.2,data/order_details.csv,2023-04-26 11:34:21.629178+00:00,826
10555,51,53,20,0.2,data/order_details.csv,2023-04-26 11:34:21.629178+00:00,827
10555,56,38,40,0.2,data/order_details.csv,2023-04-26 11:34:21.629178+00:00,828
10556,72,34.8,24,0,data/order_details.csv,2023-04-26 11:34:21.629178+00:00,829
10557,64,33.25,30,0,data/order_details.csv,2023-04-26 11:34:21.629178+00:00,830
10557,75,7.75,20,0,data/order_details.csv,2023-04-26 11:34:21.629178+00:00,831
10558,47,9.5,25,0,data/order_details.csv,2023-04-26 11:34:21.629178+00:00,832
10558,51,53,20,0,data/order_details.csv,2023-04-26 11:34:21.629178+00:00,833
10558,52,7,30,0,data/order_details.csv,2023-04-26 11:34:21.629178+00:00,834
10558,53,32.8,18,0,data/order_details.csv,2023-04-26 11:34:21.629178+00:00,835
10558,73,15,3,0,data/order_details.csv,2023-04-26 11:34:21.629178+00:00,836
10559,41,9.65,12,0.05,data/order_details.csv,2023-04-26 11:34:21.629178+00:00,837
10559,55,24,18,0.05,data/order_details.csv,2023-04-26 11:34:21.629178+00:00,838
10560,30,25.89,20,0,data/order_details.csv,2023-04-26 11:34:21.629178+00:00,839
10560,62,49.3,15,0.25,data/order_details.csv,2023-04-26 11:34:21.629178+00:00,840
10561,44,19.45,10,0,data/order_details.csv,2023-04-26 11:34:21.629178+00:00,841
10561,51,53,50,0,data/order_details.csv,2023-04-26 11:34:21.629178+00:00,842
10562,33,2.5,20,0.1,data/order_details.csv,2023-04-26 11:34:21.629178+00:00,843
10562,62,49.3,10,0.1,data/order_details.csv,2023-04-26 11:34:21.629178+00:00,844
10563,36,19,25,0,data/order_details.csv,2023-04-26 11:34:21.629178+00:00,845
10563,52,7,70,0,data/order_details.csv,2023-04-26 11:34:21.629178+00:00,846
10564,17,39,16,0.05,data/order_details.csv,2023-04-26 11:34:21.629178+00:00,847
10564,31,12.5,6,0.05,data/order_details.csv,2023-04-26 11:34:21.629178+00:00,848
10564,55,24,25,0.05,data/order_details.csv,2023-04-26 11:34:21.629178+00:00,849
10565,24,4.5,25,0.1,data/order_details.csv,2023-04-26 11:34:21.629178+00:00,850
10565,64,33.25,18,0.1,data/order_details.csv,2023-04-26 11:34:21.629178+00:00,851
10566,11,21,35,0.15,data/order_details.csv,2023-04-26 11:34:21.629178+00:00,852
10566,18,62.5,18,0.15,data/order_details.csv,2023-04-26 11:34:21.629178+00:00,853
10566,76,18,10,0,data/order_details.csv,2023-04-26 11:34:21.629178+00:00,854
10567,31,12.5,60,0.2,data/order_details.csv,2023-04-26 11:34:21.629178+00:00,855
10567,51,53,3,0,data/order_details.csv,2023-04-26 11:34:21.629178+00:00,856
10567,59,55,40,0.2,data/order_details.csv,2023-04-26 11:34:21.629178+00:00,857
10568,10,31,5,0,data/order_details.csv,2023-04-26 11:34:21.629178+00:00,858
10569,31,12.5,35,0.2,data/order_details.csv,2023-04-26 11:34:21.629178+00:00,859
10569,76,18,30,0,data/order_details.csv,2023-04-26 11:34:21.629178+00:00,860
10570,11,21,15,0.05,data/order_details.csv,2023-04-26 11:34:21.629178+00:00,861
10570,56,38,60,0.05,data/order_details.csv,2023-04-26 11:34:21.629178+00:00,862
10571,14,23.25,11,0.15,data/order_details.csv,2023-04-26 11:34:21.629178+00:00,863
10571,42,14,28,0.15,data/order_details.csv,2023-04-26 11:34:21.629178+00:00,864
10572,16,17.45,12,0.1,data/order_details.csv,2023-04-26 11:34:21.629178+00:00,865
10572,32,32,10,0.1,data/order_details.csv,2023-04-26 11:34:21.629178+00:00,866
10572,40,18.4,50,0,data/order_details.csv,2023-04-26 11:34:21.629178+00:00,867
10572,75,7.75,15,0.1,data/order_details.csv,2023-04-26 11:34:21.629178+00:00,868
10573,17,39,18,0,data/order_details.csv,2023-04-26 11:34:21.629178+00:00,869
10573,34,14,40,0,data/order_details.csv,2023-04-26 11:34:21.629178+00:00,870
10573,53,32.8,25,0,data/order_details.csv,2023-04-26 11:34:21.629178+00:00,871
10574,33,2.5,14,0,data/order_details.csv,2023-04-26 11:34:21.629178+00:00,872
10574,40,18.4,2,0,data/order_details.csv,2023-04-26 11:34:21.629178+00:00,873
10574,62,49.3,10,0,data/order_details.csv,2023-04-26 11:34:21.629178+00:00,874
10574,64,33.25,6,0,data/order_details.csv,2023-04-26 11:34:21.629178+00:00,875
10575,59,55,12,0,data/order_details.csv,2023-04-26 11:34:21.629178+00:00,876
10575,63,43.9,6,0,data/order_details.csv,2023-04-26 11:34:21.629178+00:00,877
10575,72,34.8,30,0,data/order_details.csv,2023-04-26 11:34:21.629178+00:00,878
10575,76,18,10,0,data/order_details.csv,2023-04-26 11:34:21.629178+00:00,879
10576,1,18,10,0,data/order_details.csv,2023-04-26 11:34:21.629178+00:00,880
10576,31,12.5,20,0,data/order_details.csv,2023-04-26 11:34:21.629178+00:00,881
10576,44,19.45,21,0,data/order_details.csv,2023-04-26 11:34:21.629178+00:00,882
10577,39,18,10,0,data/order_details.csv,2023-04-26 11:34:21.629178+00:00,883
10577,75,7.75,20,0,data/order_details.csv,2023-04-26 11:34:21.629178+00:00,884
10577,77,13,18,0,data/order_details.csv,2023-04-26 11:34:21.629178+00:00,885
10578,35,18,20,0,data/order_details.csv,2023-04-26 11:34:21.629178+00:00,886
10578,57,19.5,6,0,data/order_details.csv,2023-04-26 11:34:21.629178+00:00,887
10579,15,15.5,10,0,data/order_details.csv,2023-04-26 11:34:21.629178+00:00,888
10579,75,7.75,21,0,data/order_details.csv,2023-04-26 11:34:21.629178+00:00,889
10580,14,23.25,15,0.05,data/order_details.csv,2023-04-26 11:34:21.629178+00:00,890
10580,41,9.65,9,0.05,data/order_details.csv,2023-04-26 11:34:21.629178+00:00,891
10580,65,21.05,30,0.05,data/order_details.csv,2023-04-26 11:34:21.629178+00:00,892
10581,75,7.75,50,0.2,data/order_details.csv,2023-04-26 11:34:21.629178+00:00,893
10582,57,19.5,4,0,data/order_details.csv,2023-04-26 11:34:21.629178+00:00,894
10582,76,18,14,0,data/order_details.csv,2023-04-26 11:34:21.629178+00:00,895
10583,29,123.79,10,0,data/order_details.csv,2023-04-26 11:34:21.629178+00:00,896
10583,60,34,24,0.15,data/order_details.csv,2023-04-26 11:34:21.629178+00:00,897
10583,69,36,10,0.15,data/order_details.csv,2023-04-26 11:34:21.629178+00:00,898
10584,31,12.5,50,0.05,data/order_details.csv,2023-04-26 11:34:21.629178+00:00,899
10585,47,9.5,15,0,data/order_details.csv,2023-04-26 11:34:21.629178+00:00,900
10586,52,7,4,0.15,data/order_details.csv,2023-04-26 11:34:21.629178+00:00,901
10587,26,31.23,6,0,data/order_details.csv,2023-04-26 11:34:21.629178+00:00,902
10587,35,18,20,0,data/order_details.csv,2023-04-26 11:34:21.629178+00:00,903
10587,77,13,20,0,data/order_details.csv,2023-04-26 11:34:21.629178+00:00,904
10588,18,62.5,40,0.2,data/order_details.csv,2023-04-26 11:34:21.629178+00:00,905
10588,42,14,100,0.2,data/order_details.csv,2023-04-26 11:34:21.629178+00:00,906
10589,35,18,4,0,data/order_details.csv,2023-04-26 11:34:21.629178+00:00,907
10590,1,18,20,0,data/order_details.csv,2023-04-26 11:34:21.629178+00:00,908
10590,77,13,60,0.05,data/order_details.csv,2023-04-26 11:34:21.629178+00:00,909
10591,3,10,14,0,data/order_details.csv,2023-04-26 11:34:21.629178+00:00,910
10591,7,30,10,0,data/order_details.csv,2023-04-26 11:34:21.629178+00:00,911
10591,54,7.45,50,0,data/order_details.csv,2023-04-26 11:34:21.629178+00:00,912
10592,15,15.5,25,0.05,data/order_details.csv,2023-04-26 11:34:21.629178+00:00,913
10592,26,31.23,5,0.05,data/order_details.csv,2023-04-26 11:34:21.629178+00:00,914
10593,20,81,21,0.2,data/order_details.csv,2023-04-26 11:34:21.629178+00:00,915
10593,69,36,20,0.2,data/order_details.csv,2023-04-26 11:34:21.629178+00:00,916
10593,76,18,4,0.2,data/order_details.csv,2023-04-26 11:34:21.629178+00:00,917
10594,52,7,24,0,data/order_details.csv,2023-04-26 11:34:21.629178+00:00,918
10594,58,13.25,30,0,data/order_details.csv,2023-04-26 11:34:21.629178+00:00,919
10595,35,18,30,0.25,data/order_details.csv,2023-04-26 11:34:21.629178+00:00,920
10595,61,28.5,120,0.25,data/order_details.csv,2023-04-26 11:34:21.629178+00:00,921
10595,69,36,65,0.25,data/order_details.csv,2023-04-26 11:34:21.629178+00:00,922
10596,56,38,5,0.2,data/order_details.csv,2023-04-26 11:34:21.629178+00:00,923
10596,63,43.9,24,0.2,data/order_details.csv,2023-04-26 11:34:21.629178+00:00,924
10596,75,7.75,30,0.2,data/order_details.csv,2023-04-26 11:34:21.629178+00:00,925
10597,24,4.5,35,0.2,data/order_details.csv,2023-04-26 11:34:21.629178+00:00,926
10597,57,19.5,20,0,data/order_details.csv,2023-04-26 11:34:21.629178+00:00,927
10597,65,21.05,12,0.2,data/order_details.csv,2023-04-26 11:34:21.629178+00:00,928
10598,27,43.9,50,0,data/order_details.csv,2023-04-26 11:34:21.629178+00:00,929
10598,71,21.5,9,0,data/order_details.csv,2023-04-26 11:34:21.629178+00:00,930
10599,62,49.3,10,0,data/order_details.csv,2023-04-26 11:34:21.629178+00:00,931
10600,54,7.45,4,0,data/order_details.csv,2023-04-26 11:34:21.629178+00:00,932
10600,73,15,30,0,data/order_details.csv,2023-04-26 11:34:21.629178+00:00,933
10601,13,6,60,0,data/order_details.csv,2023-04-26 11:34:21.629178+00:00,934
10601,59,55,35,0,data/order_details.csv,2023-04-26 11:34:21.629178+00:00,935
10602,77,13,5,0.25,data/order_details.csv,2023-04-26 11:34:21.629178+00:00,936
10603,22,21,48,0,data/order_details.csv,2023-04-26 11:34:21.629178+00:00,937
10603,49,20,25,0.05,data/order_details.csv,2023-04-26 11:34:21.629178+00:00,938
10604,48,12.75,6,0.1,data/order_details.csv,2023-04-26 11:34:21.629178+00:00,939
10604,76,18,10,0.1,data/order_details.csv,2023-04-26 11:34:21.629178+00:00,940
10605,16,17.45,30,0.05,data/order_details.csv,2023-04-26 11:34:21.629178+00:00,941
10605,59,55,20,0.05,data/order_details.csv,2023-04-26 11:34:21.629178+00:00,942
10605,60,34,70,0.05,data/order_details.csv,2023-04-26 11:34:21.629178+00:00,943
10605,71,21.5,15,0.05,data/order_details.csv,2023-04-26 11:34:21.629178+00:00,944
10606,4,22,20,0.2,data/order_details.csv,2023-04-26 11:34:21.629178+00:00,945
10606,55,24,20,0.2,data/order_details.csv,2023-04-26 11:34:21.629178+00:00,946
10606,62,49.3,10,0.2,data/order_details.csv,2023-04-26 11:34:21.629178+00:00,947
10607,7,30,45,0,data/order_details.csv,2023-04-26 11:34:21.629178+00:00,948
10607,17,39,100,0,data/order_details.csv,2023-04-26 11:34:21.629178+00:00,949
10607,33,2.5,14,0,data/order_details.csv,2023-04-26 11:34:21.629178+00:00,950
10607,40,18.4,42,0,data/order_details.csv,2023-04-26 11:34:21.629178+00:00,951
10607,72,34.8,12,0,data/order_details.csv,2023-04-26 11:34:21.629178+00:00,952
10608,56,38,28,0,data/order_details.csv,2023-04-26 11:34:21.629178+00:00,953
10609,1,18,3,0,data/order_details.csv,2023-04-26 11:34:21.629178+00:00,954
10609,10,31,10,0,data/order_details.csv,2023-04-26 11:34:21.629178+00:00,955
10609,21,10,6,0,data/order_details.csv,2023-04-26 11:34:21.629178+00:00,956
10610,36,19,21,0.25,data/order_details.csv,2023-04-26 11:34:21.629178+00:00,957
10611,1,18,6,0,data/order_details.csv,2023-04-26 11:34:21.629178+00:00,958
10611,2,19,10,0,data/order_details.csv,2023-04-26 11:34:21.629178+00:00,959
10611,60,34,15,0,data/order_details.csv,2023-04-26 11:34:21.629178+00:00,960
10612,10,31,70,0,data/order_details.csv,2023-04-26 11:34:21.629178+00:00,961
10612,36,19,55,0,data/order_details.csv,2023-04-26 11:34:21.629178+00:00,962
10612,49,20,18,0,data/order_details.csv,2023-04-26 11:34:21.629178+00:00,963
10612,60,34,40,0,data/order_details.csv,2023-04-26 11:34:21.629178+00:00,964
10612,76,18,80,0,data/order_details.csv,2023-04-26 11:34:21.629178+00:00,965
10613,13,6,8,0.1,data/order_details.csv,2023-04-26 11:34:21.629178+00:00,966
10613,75,7.75,40,0,data/order_details.csv,2023-04-26 11:34:21.629178+00:00,967
10614,11,21,14,0,data/order_details.csv,2023-04-26 11:34:21.629178+00:00,968
10614,21,10,8,0,data/order_details.csv,2023-04-26 11:34:21.629178+00:00,969
10614,39,18,5,0,data/order_details.csv,2023-04-26 11:34:21.629178+00:00,970
10615,55,24,5,0,data/order_details.csv,2023-04-26 11:34:21.629178+00:00,971
10616,38,263.5,15,0.05,data/order_details.csv,2023-04-26 11:34:21.629178+00:00,972
10616,56,38,14,0,data/order_details.csv,2023-04-26 11:34:21.629178+00:00,973
10616,70,15,15,0.05,data/order_details.csv,2023-04-26 11:34:21.629178+00:00,974
10616,71,21.5,15,0.05,data/order_details.csv,2023-04-26 11:34:21.629178+00:00,975
10617,59,55,30,0.15,data/order_details.csv,2023-04-26 11:34:21.629178+00:00,976
10618,6,25,70,0,data/order_details.csv,2023-04-26 11:34:21.629178+00:00,977
10618,56,38,20,0,data/order_details.csv,2023-04-26 11:34:21.629178+00:00,978
10618,68,12.5,15,0,data/order_details.csv,2023-04-26 11:34:21.629178+00:00,979
10619,21,10,42,0,data/order_details.csv,2023-04-26 11:34:21.629178+00:00,980
10619,22,21,40,0,data/order_details.csv,2023-04-26 11:34:21.629178+00:00,981
10620,24,4.5,5,0,data/order_details.csv,2023-04-26 11:34:21.629178+00:00,982
10620,52,7,5,0,data/order_details.csv,2023-04-26 11:34:21.629178+00:00,983
10621,19,9.2,5,0,data/order_details.csv,2023-04-26 11:34:21.629178+00:00,984
10621,23,9,10,0,data/order_details.csv,2023-04-26 11:34:21.629178+00:00,985
10621,70,15,20,0,data/order_details.csv,2023-04-26 11:34:21.629178+00:00,986
10621,71,21.5,15,0,data/order_details.csv,2023-04-26 11:34:21.629178+00:00,987
10622,2,19,20,0,data/order_details.csv,2023-04-26 11:34:21.629178+00:00,988
10622,68,12.5,18,0.2,data/order_details.csv,2023-04-26 11:34:21.629178+00:00,989
10623,14,23.25,21,0,data/order_details.csv,2023-04-26 11:34:21.629178+00:00,990
10623,19,9.2,15,0.1,data/order_details.csv,2023-04-26 11:34:21.629178+00:00,991
10623,21,10,25,0.1,data/order_details.csv,2023-04-26 11:34:21.629178+00:00,992
10623,24,4.5,3,0,data/order_details.csv,2023-04-26 11:34:21.629178+00:00,993
10623,35,18,30,0.1,data/order_details.csv,2023-04-26 11:34:21.629178+00:00,994
10624,28,45.6,10,0,data/order_details.csv,2023-04-26 11:34:21.629178+00:00,995
10624,29,123.79,6,0,data/order_details.csv,2023-04-26 11:34:21.629178+00:00,996
10624,44,19.45,10,0,data/order_details.csv,2023-04-26 11:34:21.629178+00:00,997
10625,14,23.25,3,0,data/order_details.csv,2023-04-26 11:34:21.629178+00:00,998
10625,42,14,5,0,data/order_details.csv,2023-04-26 11:34:21.629178+00:00,999
10625,60,34,10,0,data/order_details.csv,2023-04-26 11:34:21.629178+00:00,1000
10626,53,32.8,12,0,data/order_details.csv,2023-04-26 11:34:21.629178+00:00,1001
10626,60,34,20,0,data/order_details.csv,2023-04-26 11:34:21.629178+00:00,1002
10626,71,21.5,20,0,data/order_details.csv,2023-04-26 11:34:21.629178+00:00,1003
10627,62,49.3,15,0,data/order_details.csv,2023-04-26 11:34:21.629178+00:00,1004
10627,73,15,35,0.15,data/order_details.csv,2023-04-26 11:34:21.629178+00:00,1005
10628,1,18,25,0,data/order_details.csv,2023-04-26 11:34:21.629178+00:00,1006
10629,29,123.79,20,0,data/order_details.csv,2023-04-26 11:34:21.629178+00:00,1007
10629,64,33.25,9,0,data/order_details.csv,2023-04-26 11:34:21.629178+00:00,1008
10630,55,24,12,0.05,data/order_details.csv,2023-04-26 11:34:21.629178+00:00,1009
10630,76,18,35,0,data/order_details.csv,2023-04-26 11:34:21.629178+00:00,1010
10631,75,7.75,8,0.1,data/order_details.csv,2023-04-26 11:34:21.629178+00:00,1011
10632,2,19,30,0.05,data/order_details.csv,2023-04-26 11:34:21.629178+00:00,1012
10632,33,2.5,20,0.05,data/order_details.csv,2023-04-26 11:34:21.629178+00:00,1013
10633,12,38,36,0.15,data/order_details.csv,2023-04-26 11:34:21.629178+00:00,1014
10633,13,6,13,0.15,data/order_details.csv,2023-04-26 11:34:21.629178+00:00,1015
10633,26,31.23,35,0.15,data/order_details.csv,2023-04-26 11:34:21.629178+00:00,1016
10633,62,49.3,80,0.15,data/order_details.csv,2023-04-26 11:34:21.629178+00:00,1017
10634,7,30,35,0,data/order_details.csv,2023-04-26 11:34:21.629178+00:00,1018
10634,18,62.5,50,0,data/order_details.csv,2023-04-26 11:34:21.629178+00:00,1019
10634,51,53,15,0,data/order_details.csv,2023-04-26 11:34:21.629178+00:00,1020
10634,75,7.75,2,0,data/order_details.csv,2023-04-26 11:34:21.629178+00:00,1021
10635,4,22,10,0.1,data/order_details.csv,2023-04-26 11:34:21.629178+00:00,1022
10635,5,21.35,15,0.1,data/order_details.csv,2023-04-26 11:34:21.629178+00:00,1023
10635,22,21,40,0,data/order_details.csv,2023-04-26 11:34:21.629178+00:00,1024
10636,4,22,25,0,data/order_details.csv,2023-04-26 11:34:21.629178+00:00,1025
10636,58,13.25,6,0,data/order_details.csv,2023-04-26 11:34:21.629178+00:00,1026
10637,11,21,10,0,data/order_details.csv,2023-04-26 11:34:21.629178+00:00,1027
10637,50,16.25,25,0.05,data/order_details.csv,2023-04-26 11:34:21.629178+00:00,1028
10637,56,38,60,0.05,data/order_details.csv,2023-04-26 11:34:21.629178+00:00,1029
10638,45,9.5,20,0,data/order_details.csv,2023-04-26 11:34:21.629178+00:00,1030
10638,65,21.05,21,0,data/order_details.csv,2023-04-26 11:34:21.629178+00:00,1031
10638,72,34.8,60,0,data/order_details.csv,2023-04-26 11:34:21.629178+00:00,1032
10639,18,62.5,8,0,data/order_details.csv,2023-04-26 11:34:21.629178+00:00,1033
10640,69,36,20,0.25,data/order_details.csv,2023-04-26 11:34:21.629178+00:00,1034
10640,70,15,15,0.25,data/order_details.csv,2023-04-26 11:34:21.629178+00:00,1035
10641,2,19,50,0,data/order_details.csv,2023-04-26 11:34:21.629178+00:00,1036
10641,40,18.4,60,0,data/order_details.csv,2023-04-26 11:34:21.629178+00:00,1037
10642,21,10,30,0.2,data/order_details.csv,2023-04-26 11:34:21.629178+00:00,1038
10642,61,28.5,20,0.2,data/order_details.csv,2023-04-26 11:34:21.629178+00:00,1039
10643,28,45.6,15,0.25,data/order_details.csv,2023-04-26 11:34:21.629178+00:00,1040
10643,39,18,21,0.25,data/order_details.csv,2023-04-26 11:34:21.629178+00:00,1041
10643,46,12,2,0.25,data/order_details.csv,2023-04-26 11:34:21.629178+00:00,1042
10644,18,62.5,4,0.1,data/order_details.csv,2023-04-26 11:34:21.629178+00:00,1043
10644,43,46,20,0,data/order_details.csv,2023-04-26 11:34:21.629178+00:00,1044
10644,46,12,21,0.1,data/order_details.csv,2023-04-26 11:34:21.629178+00:00,1045
10645,18,62.5,20,0,data/order_details.csv,2023-04-26 11:34:21.629178+00:00,1046
10645,36,19,15,0,data/order_details.csv,2023-04-26 11:34:21.629178+00:00,1047
10646,1,18,15,0.25,data/order_details.csv,2023-04-26 11:34:21.629178+00:00,1048
10646,10,31,18,0.25,data/order_details.csv,2023-04-26 11:34:21.629178+00:00,1049
10646,71,21.5,30,0.25,data/order_details.csv,2023-04-26 11:34:21.629178+00:00,1050
10646,77,13,35,0.25,data/order_details.csv,2023-04-26 11:34:21.629178+00:00,1051
10647,19,9.2,30,0,data/order_details.csv,2023-04-26 11:34:21.629178+00:00,1052
10647,39,18,20,0,data/order_details.csv,2023-04-26 11:34:21.629178+00:00,1053
10648,22,21,15,0,data/order_details.csv,2023-04-26 11:34:21.629178+00:00,1054
10648,24,4.5,15,0.15,data/order_details.csv,2023-04-26 11:34:21.629178+00:00,1055
10649,28,45.6,20,0,data/order_details.csv,2023-04-26 11:34:21.629178+00:00,1056
10649,72,34.8,15,0,data/order_details.csv,2023-04-26 11:34:21.629178+00:00,1057
10650,30,25.89,30,0,data/order_details.csv,2023-04-26 11:34:21.629178+00:00,1058
10650,53,32.8,25,0.05,data/order_details.csv,2023-04-26 11:34:21.629178+00:00,1059
10650,54,7.45,30,0,data/order_details.csv,2023-04-26 11:34:21.629178+00:00,1060
10651,19,9.2,12,0.25,data/order_details.csv,2023-04-26 11:34:21.629178+00:00,1061
10651,22,21,20,0.25,data/order_details.csv,2023-04-26 11:34:21.629178+00:00,1062
10652,30,25.89,2,0.25,data/order_details.csv,2023-04-26 11:34:21.629178+00:00,1063
10652,42,14,20,0,data/order_details.csv,2023-04-26 11:34:21.629178+00:00,1064
10653,16,17.45,30,0.1,data/order_details.csv,2023-04-26 11:34:21.629178+00:00,1065
10653,60,34,20,0.1,data/order_details.csv,2023-04-26 11:34:21.629178+00:00,1066
10654,4,22,12,0.1,data/order_details.csv,2023-04-26 11:34:21.629178+00:00,1067
10654,39,18,20,0.1,data/order_details.csv,2023-04-26 11:34:21.629178+00:00,1068
10654,54,7.45,6,0.1,data/order_details.csv,2023-04-26 11:34:21.629178+00:00,1069
10655,41,9.65,20,0.2,data/order_details.csv,2023-04-26 11:34:21.629178+00:00,1070
10656,14,23.25,3,0.1,data/order_details.csv,2023-04-26 11:34:21.629178+00:00,1071
10656,44,19.45,28,0.1,data/order_details.csv,2023-04-26 11:34:21.629178+00:00,1072
10656,47,9.5,6,0.1,data/order_details.csv,2023-04-26 11:34:21.629178+00:00,1073
10657,15,15.5,50,0,data/order_details.csv,2023-04-26 11:34:21.629178+00:00,1074
10657,41,9.65,24,0,data/order_details.csv,2023-04-26 11:34:21.629178+00:00,1075
10657,46,12,45,0,data/order_details.csv,2023-04-26 11:34:21.629178+00:00,1076
10657,47,9.5,10,0,data/order_details.csv,2023-04-26 11:34:21.629178+00:00,1077
10657,56,38,45,0,data/order_details.csv,2023-04-26 11:34:21.629178+00:00,1078
10657,60,34,30,0,data/order_details.csv,2023-04-26 11:34:21.629178+00:00,1079
10658,21,10,60,0,data/order_details.csv,2023-04-26 11:34:21.629178+00:00,1080
10658,40,18.4,70,0.05,data/order_details.csv,2023-04-26 11:34:21.629178+00:00,1081
10658,60,34,55,0.05,data/order_details.csv,2023-04-26 11:34:21.629178+00:00,1082
10658,77,13,70,0.05,data/order_details.csv,2023-04-26 11:34:21.629178+00:00,1083
10659,31,12.5,20,0.05,data/order_details.csv,2023-04-26 11:34:21.629178+00:00,1084
10659,40,18.4,24,0.05,data/order_details.csv,2023-04-26 11:34:21.629178+00:00,1085
10659,70,15,40,0.05,data/order_details.csv,2023-04-26 11:34:21.629178+00:00,1086
10660,20,81,21,0,data/order_details.csv,2023-04-26 11:34:21.629178+00:00,1087
10661,39,18,3,0.2,data/order_details.csv,2023-04-26 11:34:21.629178+00:00,1088
10661,58,13.25,49,0.2,data/order_details.csv,2023-04-26 11:34:21.629178+00:00,1089
10662,68,12.5,10,0,data/order_details.csv,2023-04-26 11:34:21.629178+00:00,1090
10663,40,18.4,30,0.05,data/order_details.csv,2023-04-26 11:34:21.629178+00:00,1091
10663,42,14,30,0.05,data/order_details.csv,2023-04-26 11:34:21.629178+00:00,1092
10663,51,53,20,0.05,data/order_details.csv,2023-04-26 11:34:21.629178+00:00,1093
10664,10,31,24,0.15,data/order_details.csv,2023-04-26 11:34:21.629178+00:00,1094
10664,56,38,12,0.15,data/order_details.csv,2023-04-26 11:34:21.629178+00:00,1095
10664,65,21.05,15,0.15,data/order_details.csv,2023-04-26 11:34:21.629178+00:00,1096
10665,51,53,20,0,data/order_details.csv,2023-04-26 11:34:21.629178+00:00,1097
10665,59,55,1,0,data/order_details.csv,2023-04-26 11:34:21.629178+00:00,1098
10665,76,18,10,0,data/order_details.csv,2023-04-26 11:34:21.629178+00:00,1099
10666,29,123.79,36,0,data/order_details.csv,2023-04-26 11:34:21.629178+00:00,1100
10666,65,21.05,10,0,data/order_details.csv,2023-04-26 11:34:21.629178+00:00,1101
10667,69,36,45,0.2,data/order_details.csv,2023-04-26 11:34:21.629178+00:00,1102
10667,71,21.5,14,0.2,data/order_details.csv,2023-04-26 11:34:21.629178+00:00,1103
10668,31,12.5,8,0.1,data/order_details.csv,2023-04-26 11:34:21.629178+00:00,1104
10668,55,24,4,0.1,data/order_details.csv,2023-04-26 11:34:21.629178+00:00,1105
10668,64,33.25,15,0.1,data/order_details.csv,2023-04-26 11:34:21.629178+00:00,1106
10669,36,19,30,0,data/order_details.csv,2023-04-26 11:34:21.629178+00:00,1107
10670,23,9,32,0,data/order_details.csv,2023-04-26 11:34:21.629178+00:00,1108
10670,46,12,60,0,data/order_details.csv,2023-04-26 11:34:21.629178+00:00,1109
10670,67,14,25,0,data/order_details.csv,2023-04-26 11:34:21.629178+00:00,1110
10670,73,15,50,0,data/order_details.csv,2023-04-26 11:34:21.629178+00:00,1111
10670,75,7.75,25,0,data/order_details.csv,2023-04-26 11:34:21.629178+00:00,1112
10671,16,17.45,10,0,data/order_details.csv,2023-04-26 11:34:21.629178+00:00,1113
10671,62,49.3,10,0,data/order_details.csv,2023-04-26 11:34:21.629178+00:00,1114
10671,65,21.05,12,0,data/order_details.csv,2023-04-26 11:34:21.629178+00:00,1115
10672,38,263.5,15,0.1,data/order_details.csv,2023-04-26 11:34:21.629178+00:00,1116
10672,71,21.5,12,0,data/order_details.csv,2023-04-26 11:34:21.629178+00:00,1117
10673,16,17.45,3,0,data/order_details.csv,2023-04-26 11:34:21.629178+00:00,1118
10673,42,14,6,0,data/order_details.csv,2023-04-26 11:34:21.629178+00:00,1119
10673,43,46,6,0,data/order_details.csv,2023-04-26 11:34:21.629178+00:00,1120
10674,23,9,5,0,data/order_details.csv,2023-04-26 11:34:21.629178+00:00,1121
10675,14,23.25,30,0,data/order_details.csv,2023-04-26 11:34:21.629178+00:00,1122
10675,53,32.8,10,0,data/order_details.csv,2023-04-26 11:34:21.629178+00:00,1123
10675,58,13.25,30,0,data/order_details.csv,2023-04-26 11:34:21.629178+00:00,1124
10676,10,31,2,0,data/order_details.csv,2023-04-26 11:34:21.629178+00:00,1125
10676,19,9.2,7,0,data/order_details.csv,2023-04-26 11:34:21.629178+00:00,1126
10676,44,19.45,21,0,data/order_details.csv,2023-04-26 11:34:21.629178+00:00,1127
10677,26,31.23,30,0.15,data/order_details.csv,2023-04-26 11:34:21.629178+00:00,1128
10677,33,2.5,8,0.15,data/order_details.csv,2023-04-26 11:34:21.629178+00:00,1129
10678,12,38,100,0,data/order_details.csv,2023-04-26 11:34:21.629178+00:00,1130
10678,33,2.5,30,0,data/order_details.csv,2023-04-26 11:34:21.629178+00:00,1131
10678,41,9.65,120,0,data/order_details.csv,2023-04-26 11:34:21.629178+00:00,1132
10678,54,7.45,30,0,data/order_details.csv,2023-04-26 11:34:21.629178+00:00,1133
10679,59,55,12,0,data/order_details.csv,2023-04-26 11:34:21.629178+00:00,1134
10680,16,17.45,50,0.25,data/order_details.csv,2023-04-26 11:34:21.629178+00:00,1135
10680,31,12.5,20,0.25,data/order_details.csv,2023-04-26 11:34:21.629178+00:00,1136
10680,42,14,40,0.25,data/order_details.csv,2023-04-26 11:34:21.629178+00:00,1137
10681,19,9.2,30,0.1,data/order_details.csv,2023-04-26 11:34:21.629178+00:00,1138
10681,21,10,12,0.1,data/order_details.csv,2023-04-26 11:34:21.629178+00:00,1139
10681,64,33.25,28,0,data/order_details.csv,2023-04-26 11:34:21.629178+00:00,1140
10682,33,2.5,30,0,data/order_details.csv,2023-04-26 11:34:21.629178+00:00,1141
10682,66,17,4,0,data/order_details.csv,2023-04-26 11:34:21.629178+00:00,1142
10682,75,7.75,30,0,data/order_details.csv,2023-04-26 11:34:21.629178+00:00,1143
10683,52,7,9,0,data/order_details.csv,2023-04-26 11:34:21.629178+00:00,1144
10684,40,18.4,20,0,data/order_details.csv,2023-04-26 11:34:21.629178+00:00,1145
10684,47,9.5,40,0,data/order_details.csv,2023-04-26 11:34:21.629178+00:00,1146
10684,60,34,30,0,data/order_details.csv,2023-04-26 11:34:21.629178+00:00,1147
10685,10,31,20,0,data/order_details.csv,2023-04-26 11:34:21.629178+00:00,1148
10685,41,9.65,4,0,data/order_details.csv,2023-04-26 11:34:21.629178+00:00,1149
10685,47,9.5,15,0,data/order_details.csv,2023-04-26 11:34:21.629178+00:00,1150
10686,17,39,30,0.2,data/order_details.csv,2023-04-26 11:34:21.629178+00:00,1151
10686,26,31.23,15,0,data/order_details.csv,2023-04-26 11:34:21.629178+00:00,1152
10687,9,97,50,0.25,data/order_details.csv,2023-04-26 11:34:21.629178+00:00,1153
10687,29,123.79,10,0,data/order_details.csv,2023-04-26 11:34:21.629178+00:00,1154
10687,36,19,6,0.25,data/order_details.csv,2023-04-26 11:34:21.629178+00:00,1155
10688,10,31,18,0.1,data/order_details.csv,2023-04-26 11:34:21.629178+00:00,1156
10688,28,45.6,60,0.1,data/order_details.csv,2023-04-26 11:34:21.629178+00:00,1157
10688,34,14,14,0,data/order_details.csv,2023-04-26 11:34:21.629178+00:00,1158
10689,1,18,35,0.25,data/order_details.csv,2023-04-26 11:34:21.629178+00:00,1159
10690,56,38,20,0.25,data/order_details.csv,2023-04-26 11:34:21.629178+00:00,1160
10690,77,13,30,0.25,data/order_details.csv,2023-04-26 11:34:21.629178+00:00,1161
10691,1,18,30,0,data/order_details.csv,2023-04-26 11:34:21.629178+00:00,1162
10691,29,123.79,40,0,data/order_details.csv,2023-04-26 11:34:21.629178+00:00,1163
10691,43,46,40,0,data/order_details.csv,2023-04-26 11:34:21.629178+00:00,1164
10691,44,19.45,24,0,data/order_details.csv,2023-04-26 11:34:21.629178+00:00,1165
10691,62,49.3,48,0,data/order_details.csv,2023-04-26 11:34:21.629178+00:00,1166
10692,63,43.9,20,0,data/order_details.csv,2023-04-26 11:34:21.629178+00:00,1167
10693,9,97,6,0,data/order_details.csv,2023-04-26 11:34:21.629178+00:00,1168
10693,54,7.45,60,0.15,data/order_details.csv,2023-04-26 11:34:21.629178+00:00,1169
10693,69,36,30,0.15,data/order_details.csv,2023-04-26 11:34:21.629178+00:00,1170
10693,73,15,15,0.15,data/order_details.csv,2023-04-26 11:34:21.629178+00:00,1171
10694,7,30,90,0,data/order_details.csv,2023-04-26 11:34:21.629178+00:00,1172
10694,59,55,25,0,data/order_details.csv,2023-04-26 11:34:21.629178+00:00,1173
10694,70,15,50,0,data/order_details.csv,2023-04-26 11:34:21.629178+00:00,1174
10695,8,40,10,0,data/order_details.csv,2023-04-26 11:34:21.629178+00:00,1175
10695,12,38,4,0,data/order_details.csv,2023-04-26 11:34:21.629178+00:00,1176
10695,24,4.5,20,0,data/order_details.csv,2023-04-26 11:34:21.629178+00:00,1177
10696,17,39,20,0,data/order_details.csv,2023-04-26 11:34:21.629178+00:00,1178
10696,46,12,18,0,data/order_details.csv,2023-04-26 11:34:21.629178+00:00,1179
10697,19,9.2,7,0.25,data/order_details.csv,2023-04-26 11:34:21.629178+00:00,1180
10697,35,18,9,0.25,data/order_details.csv,2023-04-26 11:34:21.629178+00:00,1181
10697,58,13.25,30,0.25,data/order_details.csv,2023-04-26 11:34:21.629178+00:00,1182
10697,70,15,30,0.25,data/order_details.csv,2023-04-26 11:34:21.629178+00:00,1183
10698,11,21,15,0,data/order_details.csv,2023-04-26 11:34:21.629178+00:00,1184
10698,17,39,8,0.05,data/order_details.csv,2023-04-26 11:34:21.629178+00:00,1185
10698,29,123.79,12,0.05,data/order_details.csv,2023-04-26 11:34:21.629178+00:00,1186
10698,65,21.05,65,0.05,data/order_details.csv,2023-04-26 11:34:21.629178+00:00,1187
10698,70,15,8,0.05,data/order_details.csv,2023-04-26 11:34:21.629178+00:00,1188
10699,47,9.5,12,0,data/order_details.csv,2023-04-26 11:34:21.629178+00:00,1189
10700,1,18,5,0.2,data/order_details.csv,2023-04-26 11:34:21.629178+00:00,1190
10700,34,14,12,0.2,data/order_details.csv,2023-04-26 11:34:21.629178+00:00,1191
10700,68,12.5,40,0.2,data/order_details.csv,2023-04-26 11:34:21.629178+00:00,1192
10700,71,21.5,60,0.2,data/order_details.csv,2023-04-26 11:34:21.629178+00:00,1193
10701,59,55,42,0.15,data/order_details.csv,2023-04-26 11:34:21.629178+00:00,1194
10701,71,21.5,20,0.15,data/order_details.csv,2023-04-26 11:34:21.629178+00:00,1195
10701,76,18,35,0.15,data/order_details.csv,2023-04-26 11:34:21.629178+00:00,1196
10702,3,10,6,0,data/order_details.csv,2023-04-26 11:34:21.629178+00:00,1197
10702,76,18,15,0,data/order_details.csv,2023-04-26 11:34:21.629178+00:00,1198
10703,2,19,5,0,data/order_details.csv,2023-04-26 11:34:21.629178+00:00,1199
10703,59,55,35,0,data/order_details.csv,2023-04-26 11:34:21.629178+00:00,1200
10703,73,15,35,0,data/order_details.csv,2023-04-26 11:34:21.629178+00:00,1201
10704,4,22,6,0,data/order_details.csv,2023-04-26 11:34:21.629178+00:00,1202
10704,24,4.5,35,0,data/order_details.csv,2023-04-26 11:34:21.629178+00:00,1203
10704,48,12.75,24,0,data/order_details.csv,2023-04-26 11:34:21.629178+00:00,1204
10705,31,12.5,20,0,data/order_details.csv,2023-04-26 11:34:21.629178+00:00,1205
10705,32,32,4,0,data/order_details.csv,2023-04-26 11:34:21.629178+00:00,1206
10706,16,17.45,20,0,data/order_details.csv,2023-04-26 11:34:21.629178+00:00,1207
10706,43,46,24,0,data/order_details.csv,2023-04-26 11:34:21.629178+00:00,1208
10706,59,55,8,0,data/order_details.csv,2023-04-26 11:34:21.629178+00:00,1209
10707,55,24,21,0,data/order_details.csv,2023-04-26 11:34:21.629178+00:00,1210
10707,57,19.5,40,0,data/order_details.csv,2023-04-26 11:34:21.629178+00:00,1211
10707,70,15,28,0.15,data/order_details.csv,2023-04-26 11:34:21.629178+00:00,1212
10708,5,21.35,4,0,data/order_details.csv,2023-04-26 11:34:21.629178+00:00,1213
10708,36,19,5,0,data/order_details.csv,2023-04-26 11:34:21.629178+00:00,1214
10709,8,40,40,0,data/order_details.csv,2023-04-26 11:34:21.629178+00:00,1215
10709,51,53,28,0,data/order_details.csv,2023-04-26 11:34:21.629178+00:00,1216
10709,60,34,10,0,data/order_details.csv,2023-04-26 11:34:21.629178+00:00,1217
10710,19,9.2,5,0,data/order_details.csv,2023-04-26 11:34:21.629178+00:00,1218
10710,47,9.5,5,0,data/order_details.csv,2023-04-26 11:34:21.629178+00:00,1219
10711,19,9.2,12,0,data/order_details.csv,2023-04-26 11:34:21.629178+00:00,1220
10711,41,9.65,42,0,data/order_details.csv,2023-04-26 11:34:21.629178+00:00,1221
10711,53,32.8,120,0,data/order_details.csv,2023-04-26 11:34:21.629178+00:00,1222
10712,53,32.8,3,0.05,data/order_details.csv,2023-04-26 11:34:21.629178+00:00,1223
10712,56,38,30,0,data/order_details.csv,2023-04-26 11:34:21.629178+00:00,1224
10713,10,31,18,0,data/order_details.csv,2023-04-26 11:34:21.629178+00:00,1225
10713,26,31.23,30,0,data/order_details.csv,2023-04-26 11:34:21.629178+00:00,1226
10713,45,9.5,110,0,data/order_details.csv,2023-04-26 11:34:21.629178+00:00,1227
10713,46,12,24,0,data/order_details.csv,2023-04-26 11:34:21.629178+00:00,1228
10714,2,19,30,0.25,data/order_details.csv,2023-04-26 11:34:21.629178+00:00,1229
10714,17,39,27,0.25,data/order_details.csv,2023-04-26 11:34:21.629178+00:00,1230
10714,47,9.5,50,0.25,data/order_details.csv,2023-04-26 11:34:21.629178+00:00,1231
10714,56,38,18,0.25,data/order_details.csv,2023-04-26 11:34:21.629178+00:00,1232
10714,58,13.25,12,0.25,data/order_details.csv,2023-04-26 11:34:21.629178+00:00,1233
10715,10,31,21,0,data/order_details.csv,2023-04-26 11:34:21.629178+00:00,1234
10715,71,21.5,30,0,data/order_details.csv,2023-04-26 11:34:21.629178+00:00,1235
10716,21,10,5,0,data/order_details.csv,2023-04-26 11:34:21.629178+00:00,1236
10716,51,53,7,0,data/order_details.csv,2023-04-26 11:34:21.629178+00:00,1237
10716,61,28.5,10,0,data/order_details.csv,2023-04-26 11:34:21.629178+00:00,1238
10717,21,10,32,0.05,data/order_details.csv,2023-04-26 11:34:21.629178+00:00,1239
10717,54,7.45,15,0,data/order_details.csv,2023-04-26 11:34:21.629178+00:00,1240
10717,69,36,25,0.05,data/order_details.csv,2023-04-26 11:34:21.629178+00:00,1241
10718,12,38,36,0,data/order_details.csv,2023-04-26 11:34:21.629178+00:00,1242
10718,16,17.45,20,0,data/order_details.csv,2023-04-26 11:34:21.629178+00:00,1243
10718,36,19,40,0,data/order_details.csv,2023-04-26 11:34:21.629178+00:00,1244
10718,62,49.3,20,0,data/order_details.csv,2023-04-26 11:34:21.629178+00:00,1245
10719,18,62.5,12,0.25,data/order_details.csv,2023-04-26 11:34:21.629178+00:00,1246
